2648 4776
217 416 538 439 ΜΜΜΜΜ
543 418 587 438 Μ
593 412 1290 439 fflfflwmmfflwm

718 566 786 672 nx

318 802 652 914 ERNESTI
692 800 1182 908 PRAEFATIONE

723 1028 780 1072 ΔΙ)

237 1183 449 1275 LIBROS
483 1183 803 1276 CICERONIS
835 1183 1267 1277 PHILOSOPHOS.

619 1386 898 1415 ..4-

216 1514 439 1620 Summanu
454 1544 588 1641 quidem
607 1553 754 1641 exempla
769 1553 973 1618 bibliothecae
989 1555 1100 1635 variae,
1118 1555 1288 1642 Gothana,

217 1660 486 1747 Guelferbytana,
502 1657 682 1739 Curiensis,
705 1675 855 1747 excerpta
874 1674 983 1722 autem
1005 1683 1023 1723 e
1040 1660 1158 1724 talibus
1178 1684 1289 1728 exem·

216 1766 276 1854 plis
298 1765 392 1829 amici
417 1764 526 1851 plures
545 1762 808 1851 suppeditavere,
832 1764 994 1829 editorum
1016 1781 1125 1830 autem
1142 1771 1290 1860 exempla

217 1858 510 1958 antiquiora,‚tum
533 1870 653 1956 pariter
671 1869 876 1935 bibliothecae
893 1871 1050 1959 pubIIcte,
1069 1890 1139 1937 tum
1158 1892 1289 1959 nostra,

218 2000 316 2066 quam
341 1999 360 2039 a
388 1976 497 2038 multis
523 1975 616 2038 annis
642 1975 928 2040 Ciceronianorum
953 1977 1111 2042 librorum
1136 1981 1289 2069 exemplis

217 2084 380 2147 instruere
399 2081 585 2145 studuimus
608 2082 666 2144 :in
686 2081 806 2168 quibus
829 2100 921 2163 sunt,
939 2107 1011 2171 quae
1027 2108 1045 2147 a
1068 2086 1290 2172 superioribus

218 2212 334 2254 eorum
347 2186 543 2269 editoribus,
558 2187 608 2249 vel
622 2187 759 2251 omnino
771 2211 856 2271 non,
872 2190 923 2252 vel
940 2212 1007 2252 non
1024 2191 1100 2254 satis
1117 2190 1291 2281 diiigenter

218 2295 365 2360 consulta
384 2294 575 2381 reperimus.
590 2294 705 2358 Libros
717 2295 777 2357 bos
789 2295 886 2382 primi
899 2318 966 2358 uno
981 2296 1148 2360 volumine
1160 2296 1291 2363 edidere

218 2401 455 2467 Sweinhemius
471 2417 503 2463 et
519 2399 703 2481 Panartius,
722 2400 849 2463 omissis
866 2417 974 2463 tamen
991 2401 1032 2464 de
1046 2400 1169 2467 officiis
1181 2403 1290 2486 libris,

218 2530 301 2596 quos
326 2524 401 2596 post
427 2529 455 2570 a.
482 2510 565 2593 1479
592 2506 633 2571 ab
657 2507 694 2570 iis
718 2505 822 2570 editos
845 2507 1020 2588 habemus,
1049 2523 1081 2571 et
1098 2510 1291 2573 Tusculanis

220 2613 480 2696 Quaestionibus,
510 2636 583 2699 quae
606 2636 634 2677 a.
656 2617 734 2699 1471
765 2636 804 2676 ex
829 2635 942 2675 eorum
966 2614 1096 2677 officina
1123 2614 1290 2703 prodiere,

218 2736 293 2783 ante
317 2719 358 2781 ab
380 2718 490 2781 Uirico
512 2718 603 2783 Gallo
624 2718 801 2781 Viennensi
825 2717 935 2794 editoe,
960 2719 1009 2783 Jo.
1035 2719 1076 2784 de
1097 2721 1235 2785 Colonia
1258 2738 1291 2786 et

218 2825 362 2888 Jensono
387 2823 622 2910 aliisque-post
647 2823 726 2905 bos,
752 2825 847 2887 etiam
873 2847 947 2887 cum
976 2826 1079 2906 notis,
1105 2825 1290 2914 dequibus

220 2929 419 2994 editionibus
453 2929 589 2992 Fabricii
622 2929 820 2993 Bibliotheca
853 2931 951 3007 latina
985 2931 1183 2996 consulenda
1216 2950 1288 3016 est,

219 3039 304 3102 sicut
340 3053 372 3100 et
399 3035 440 3100 de
470 3035 668 3101 editionibus
702 3036 821 3102 horum
850 3037 1007 3102 librorum
1034 3040 1289 3122 universorum,

223 3159 257 3207 et
284 3143 318 3205 in
352 3143 524 3231 exemplis,
561 3165 634 3229 quae
663 3159 775 3229 postea
809 3142 849 3205 ad
881 3166 995 3207 corum
1032 3145 1218 3234 exemplum
1245 3150 1292 3212 ia·

221 3265 272 3313 cta
300 3263 395 3328 sunt,
426 3270 493 3311 non
527 3248 743 3335 reperiuntur.
772 3248 919 3311 Primum
949 3271 1005 3313 eos
1034 3249 1176 3333 addidit,
1199 3253 1291 3340 quod

221 3355 337 3434 sciam,
361 3352 459 3417 editio
483 3352 733 3417 Mediolanensis
760 3355 833 3417 loco
860 3354 965 3418 tertio.
998 3354 1081 3418 Nam
1111 3356 1193 3420 ordo
1222 3361 1291 3447 pri-

220 3482 348 3524 marum
371 3458 552 3523 editionum
574 3458 684 3523 differt
706 3459 747 3523 ab
773 3482 829 3540 eo,
855 3460 911 3547 qui
943 3483 1033 3524 nunc
1057 3478 1212 3545 servatur,
1239 3489 1292 3530 se·

221 3581 435 3654 quunturque
447 3564 547 3628 libros
566 3564 831 3630 Academicorum
844 3567 1129 3653 Disputationum,
1147 3569 1202 3654 qui
1222 3573 1291 3659 pri·

220 3694 312 3734 mum
334 3670 443 3735 locum
456 3686 591 3749 tenent,
609 3670 684 3734 libri
703 3671 744 3735 de
764 3672 923 3762 Legibus,
950 3672 1010 3735 hos
1027 3672 1068 3737 de
1089 3672 1232 3758 Officiis,
1251 3676 1292 3741 de

220 3776 372 3856 Finibus,
390 3776 580 3840 Tusculanae
598 3777 801 3858 Quaestiones
824 3793 856 3841 et
874 3777 1000 3865 reliqui.
1019 3777 1177 3842 Ordinem
1196 3803 1291 3864 eum,

140 3920 146 3935 ι
222 3883 279 3969 qui
290 3903 380 3944 nune
393 3897 458 3962 est,
471 3880 600 3944 induxit
610 3881 797 3963 Cratander,
809 3883 916 3969 ipsum
924 3883 1113 3946 Ciceronem
1124 3902 1292 3951 auctorem

222 4003 397 4074 sequutus,
422 4005 458 4051 ut
473 3989 507 4049 in
521 3988 708 4076 praefatione
724 3987 967 4053 demonstravit.
982 3989 1054 4053 Hoc
1070 4007 1177 4054 autem
1191 4016 1291 4081 appa·

224 4110 296 4158 ratu
317 4109 429 4157 nostro
453 4095 496 4157 ita
518 4096 568 4158 usi
588 4117 700 4158 sumus
724 4095 757 4159 in
782 4110 873 4159 textu
891 4095 1090 4161 recensendo
1108 4114 1140 4163 et
1158 4099 1292 4164 confor-
