2648 4776
200 368 243 411 ιι
534 345 582 412 Μ.
608 345 647 412 Τ.
675 344 917 413 CICERONIS

199 490 280 562 quae
294 465 417 563 paullo
434 480 537 552 ante,
555 464 760 551 ministros,
775 462 976 552 machinas,
992 488 1140 535 ornnem
1159 467 1274 537 totius

200 576 321 673 operis
335 574 658 671 designationem¹¹
676 588 786 671 atque
799 589 1011 671 apparatum
1028 601 1035 642 :
1052 575 1108 644 sin
1121 575 1189 646 alia
1206 590 1273 661 est,

200 710 267 757 cur
281 685 471 757 mortalem
487 684 612 757 lecerit
629 682 830 773 muudum,
845 709 920 755 non
931 683 1272 780 ,quemadmodum

200 795 405 866 Platonicus
427 795 517 865 deus
524 795 829 892 ‚sempiternum
1250 809 1254 825 ·

149 945 179 980 ιι
248 910 309 977 ΙΧ.
330 905 386 977 Ab
411 921 569 1003 utroque
588 921 708 976 autern
727 909 906 991 sciscitor,
925 930 992 976 cur
1010 906 1138 976 mundi
1156 906 1272 978 aedifi-

201 1032 340 1089 catores
352 1032 506 1114 repente
519 1017 739 1103 exstiterint3
752 1015 1029 1086 innumerabilia
1045 1014 1174 1088 saecula
1188 1016 1272 1087 dor·
1290 1022 1294 1028 ’

202 1129 357 1197 mierint.
373 1128 457 1196 Non
471 1129 586 1213 euim,
600 1127 629 1196 si
641 1126 802 1196 mundns
812 1125 934 1196 nullus
948 1141 1040 1212 erat,
1054 1127 1182 1197 saecula
1196 1153 1271 1199 non

202 1250 314 1308 erant.
351 1235 485 1307 Saecula
512 1262 613 1307 nunc
632 1236 733 1324 dico,
755 1261 830 1307 uon
854 1261 913 1324 ea,
935 1261 1016 1334 quae
1038 1237 1180 1309 dierum
1203 1263 1271 1309 no-

202 1349 389 1444 ctiumque
401 1371 556 1446 numero
569 1351 700 1419 annuis
714 1346 879 1418 cursibus
897 1345 1144 1419 conficiuntur
1158 1374 1166 1418 :
1187 1374 1272 1419 nam

202 1456 334 1547 fateor,
349 1481 391 1529 ea
404 1459 481 1528 sine
494 1457 620 1528 mundi
640 1459 875 1529 conversione
891 1456 983 1529 effici
1002 1484 1078 1528 non
1097 1460 1271 1556 potuisse.

201 1566 272 1641 Sed
285 1566 354 1640 fuit
367 1566 531 1665 quaedam
549 1567 595 1639 ab
615 1568 760 1640 infinito
776 1584 940 1667 tempore
954 1571 1146 1655 aeternitas,
1161 1594 1270 1667 quarn

203 1679 304 1750 nulla
317 1693 523 1775 temporum
539 1680 825 1776 circumscriptio
839 1678 1073 1766 metiebatur;
1088 1681 1205 1777 spatio
1224 1696 1274 1750 ta·

202 1815 309 1875 men,
328 1787 445 1884 qualis
462 1812 502 1858 ea
519 1786 646 1877 fuerit,
665 1789 814 1886 intelligi
828 1816 904 1860 non
925 1800 1061 1886 potest¹
1079 1816 1087 1859 :
1104 1789 1205 1887 quod
1226 1816 1274 1862 nc

204 1902 239 1970 in
260 1898 517 1996 cogitationem
538 1897 687 1996 quidem
709 1900 820 1988 cadit,
844 1915 886 1970 ut
911 1897 1020 1970 fuerit
1044 1914 1188 1996 tempus
1207 1901 1274 1969 ali-

152 2037 182 2071 22
203 2008 323 2107 quod,
350 2007 491 2079 nullum
516 2033 630 2105 quum
656 2025 802 2107 tempus
824 2026 927 2084 esset.
955 2016 1029 2081 Isto
1057 2013 1172 2108 igitur
1198 2026 1274 2086 tarn

201 2125 381 2192 immenso
409 2120 525 2217 spatio
555 2144 697 2217 quaero,
726 2118 855 2209 Balbe,
886 2146 951 2192 cur
975 2124 1129 2191 Pronoea
1153 2138 1274 2194 restra

200 2230 399 2304 cessaverit.
426 2229 652 2301 Laboremne
680 2229 865 2327 fugiebat?
890 2247 926 2302 at
948 2236 1015 2302 iste
1037 2255 1105 2303 nec
1129 2234 1275 2329 attingit

199 2341 330 2428 deum,
348 2355 508 2412 necerat
526 2341 637 2429 ullus,
658 2366 774 2438 quum
797 2366 925 2413 ornnes
944 2352 1105 2412 naturae²
1127 2345 1275 2414 numiui

199 2453 341 2538 divino,
369 2451 518 2538 caelum,
543 2453 664 2547 ignes,
688 2468 805 2539 terrae,
825 2455 938 2523 maria
962 2465 1141 2549 parerent.
1172 2450 1273 2542 Quid

198 2577 321 2633 autem
336 2575 430 2649 erat,
450 2559 550 2658 quod
569 2565 842 2659 concupisceret
859 2562 949 2634 deus
965 2560 1146 2632 mundum
1160 2562 1274 2658 signis

197 2765 235 2802 set
254 2751 478 2817 interpungendum
493 2765 501 2800 ι
516 2753 640 2798 «Ριοιιαι
652 2766 711 2798 vero
754 2751 852 2800 tionem.
869 2754 909 2800 Sic
922 2752 1066 2817 legendum,
1086 2762 1111 2800 et
1128 2753 1161 2800 ita
1178 2753 1272 2802 habent

198 2835 218 2880 ei
235 2845 314 2882 vestra
327 2841 384 2890 eat,
398 2829 476 2878 Lucili
488 2846 496 2888 ;
514 2828 599 2878 eedem
612 2830 711 2894 requiro
754 2831 811 2879 libri
821 2843 927 2891 veterna
941 2848 1005 2891 non,
1016 2848 1132 2880 «ornnem
1142 2834 1220 2881 totius
1230 2850 1273 2880 or-

198 2928 254 2976 quoe
274 2910 359 2976 paullo
375 2920 461 2959 nnn».
478 2909 531 2958 Neo
551 2909 620 2957 aliter
633 2909 710 2957 editio
755 2911 793 2958 hin
807 2910 1024 2974 designationem».
1035 2913 1117 2959 Lares.

198 2990 349 3038 Victoriana.
362 2989 411 3037 Sed
423 3005 480 3037 vere
494 3004 594 3053 prorsus
605 3000 643 3037 est
654 2988 709 3048 illa,
791 2990 838 3037 tx.
857 3006 879 3039 1.
898 2989 1009 3054 Intelligi
1026 3007 1077 3037 non
1091 3003 1183 3055 potest.
1200 2992 1274 3040 lianc

199 3085 271 3134 qnam
288 3070 433 3127 munemne,
448 3069 712 3133 distinctionequitnr
755 3068 846 3117 habent
863 3069 991 3117 lectionem
1012 3071 1073 3118 MSS
1090 3070 1230 3134 complures
1247 3083 1273 3119 et

199 3147 323 3207 enim‚sin
336 3147 389 3196 alia
399 3159 434 3195 est
440 3160 489 3204 ,·ut
498 3147 624 3212 oppositio
636 3148 713 3196 sitin·
755 3150 813 3199 edd.
833 3160 936 3207 νάρκη
948 3165 1019 3212 quum
1037 3166 1096 3198 vero
1113 3150 1272 3214 reprehendit

200 3237 237 3274 tei·
247 3226 333 3274 eadem
345 3237 370 3275 et
383 3226 443 3276 atie.
457 3229 564 3276 Dau-
577 3227 600 3274 Δ
613 3227 711 3275 Boheril
755 3227 989 3287 Davisiuffltane,
1004 3219 1056 3288 aitss
1070 3241 1272 3278 contrementem

199 3305 320 3373 partibus,
331 3305 374 3354 sed
387 3307 488 3367 frunt,
498 3316 563 3354 stunt
576 3308 653 3355 nostri
663 3307 711 3354 lein
756 3306 878 3356 auctoris:
892 3324 949 3355 nain
966 3308 1007 3356 ille
1025 3309 1093 3365 vult,
1111 3308 1182 3366 idea,
1196 3320 1273 3373 prout

200 3400 293 3432 omnes.
306 3386 339 3432 Et
347 3383 505 3432 Heindorfiui
515 3401 616 3449 quoque
625 3385 711 3433 eadem
754 3385 896 3451 philosophi
906 3387 1050 3451 loquuntur,
1066 3375 1190 3435 abstracta
1198 3391 1274 3453 spatii

198 3466 229 3513 nd
236 3467 341 3529 priorem
347 3477 440 3529 partem
447 3466 621 3513 enuntiationis
629 3466 709 3514 trahit.
754 3467 806 3512 eive
818 3467 945 3529 temporit,
961 3466 1080 3530 nulloque
1094 3466 1179 3526 habito
1189 3469 1222 3516 ad
1231 3484 1272 3517 so-

199 3545 320 3593 sedidem
330 3544 477 3593 vocabulum
490 3547 562 3594 etiem
572 3547 597 3593 iu
607 3562 711 3610 sequeu-
755 3545 786 3592 lia
810 3556 904 3592 motum
926 3556 1053 3609 respectu,
1077 3546 1174 3610 concipi
1197 3564 1273 3611 poene

198 3624 265 3673 tibus
281 3622 412 3672 desiderari
424 3625 587 3682 contendens,
599 3622 711 3689 κακοφῶ·
754 3639 822 3682 rem,
840 3623 870 3671 de
889 3640 937 3687 qna
952 3626 1032 3689 agitur
1042 3647 1062 3672 a.
1076 3625 1185 3673 Reduxit
1198 3628 1274 3674 lleiu-

197 3721 241 3760 νως
250 3703 261 3764 (
267 3714 296 3751 ut
308 3702 405 3751 videtur
416 3703 511 3750 censori
520 3701 595 3767 Jen.)
605 3704 690 3751 scribit
704 3719 711 3752 :
755 3701 847 3749 dontius
861 3719 945 3750 vocem
960 3721 1008 3751 non
1025 3715 1081 3751 ante
1091 3715 1186 3768 potest,
1197 3723 1273 3770 quam

198 3788 320 3832 ·Pronoea
339 3799 398 3830 vero
415 3784 436 3831 el
452 3794 530 3831 vestre
547 3793 596 3841 eet,
613 3783 709 3843 Lucili,
754 3783 840 3829 iterum
852 3784 935 3842 rejecit
947 3783 1087 3832 Creuzerns.

196 3864 298 3920 eadem,
317 3861 401 3910 endem
419 3862 531 3926 requiro,
551 3878 606 3926 quae
624 3863 709 3926 paullo
793 3875 817 3908 a.
833 3862 1039 3927 Natiiroe.Vulg0
1052 3863 1210 3925 snbstantiae',
1224 3866 1273 3913 ele·

196 3953 279 3990 ante.
258 3943 344 4006 ugo
358 3930 528 3989 uederiderari
540 3941 639 4005 quidem
649 3942 709 3990 alte
756 3951 845 3988 menta
865 3944 1013 3991 Wnrr.-
1032 3942 1124 3990 Natura
1145 3959 1271 3992 nonunrn·

195 4020 440 4072 rnmeademcredo
450 4022 499 4070 Cn.
709 4019 713 4033 '
760 4036 844 4096 qnam.
847 4022 923 4070 menti
936 4022 1084 4087 opponitur,
1103 4032 1129 4070 ut
1148 4026 1273 4075 materiem

234 4116 275 4151 ιι.
289 4102 393 4151 Omnem
408 4099 481 4149 totius
500 4099 580 4166 operis
593 4098 709 4164 designa·
756 4098 904 4164 significans.
