2648 4776
214 376 261 447 16
558 379 606 446 u.
632 379 672 446 r.
701 349 944 447 emenonis

214 498 395 573 academia
419 495 617 587 videbitur,
642 503 670 569 si
695 512 766 570 aut'
780 499 1032 570 consenserint
1059 523 1207 589 omues,
1227 520 1295 576 -aut

213 611 299 681 erit¹
316 612 490 681 vinventus
504 608 652 707 aliquis,
665 611 749 706 qui,
769 607 860 706 quid
874 632 1002 679 verum
1021 609 1084 696 sit,
1100 611 1291 687 invenerit.

212 726 341 818 Itaque
354 720 446 790 mihi
459 718 549 791 libet
567 719 786 807 exclamare,
807 733 848 790 ut
862 717 922 790 ille
937 720 976 789 in
987 720 1266 819 Synephebis&

269 869 347 929 Proh
364 868 468 940 deum,
483 867 671 946 popularium
685 867 832 944 omnium,
847 869 978 926 onmium
992 867 1223 931 adolescentium

270 969 390 1038 Clamo,
401 966 536 1044 postulo,
549 963 690 1036 obsecro,
704 984 772 1037 oro,
785 964 888 1042 ploro,
902 976 990 1042 atque
1004 965 1132 1043 isnploru
1146 966 1250 1028 fidem!

210 1104 294 1173 Non
318 1099 498 1170 levissima
517 1095 564 1168 de
583 1121 641 1181 re,
660 1111 702 1168 ut
720 1099 889 1194 queritur
907 1096 985 1184 iile,

330 1250 408 1325 Fieri
424 1248 589 1307 incivitate
602 1247 732 1306 facinora
745 1247 881 1327 capitalia
895 1248 907 1287 ³
923 1270 930 1304 :

267 1343 315 1403 Ab
328 1343 424 1402 amico
440 1353 557 1401 amante
568 1353 721 1419 argentum
737 1340 870 1418 accipere
885 1340 1025 1399 meretrix
1036 1360 1099 1399 uon
1115 1345 1197 1418 vuit3

42 1492 52 1507 '
158 1509 189 1557 n
208 1475 270 1547 sed
295 1488 338 1548 ut
360 1473 503 1560 adsint,
526 1454 766 1570 cdgnoscant,
793 1468 1096 1558 animadvertant,
1122 1471 1213 1570 quid
1238 1473 1288 1548 de

207 1587 399 1685 religione,
420 1585 575 1684 pietate,
595 1583 802 1668 sanctitate,
821 1581 1056 1666 caerimoniis,
1077 1577 1168 1670 fide,
1184 1583 1288 1678 jure·

205 1697 382 1794 jurando,
396 1695 487 1795 quid
504 1694 549 1766 de
569 1692 736 1791 templis,
751 1689 932 1778 delubris,
951 1689 1209 1790 sacrificiisque
1228 1719 1288 1766 so-

207 1805 410 1890 lemnibus,
431 1803 520 1901 quid
540 1802 585 1875 de
605 1805 691 1901 ipsis
712 1801 901 1898 auspiciis,
917 1800 1053 1897 quibus
1066 1827 1132 1873 nos
1152 1827 1288 1900 praesu·

206 1943 304 2004 mus,
323 1913 604 1987 existimandum
621 1915 677 1983 sit.
694 1916 777 1982 Haec
795 1913 892 1982 enim
919 1913 1040 1982 omnia
1056 1910 1102 1981 ad
1121 1912 1222 1985 hatte
1240 1914 1288 1989 de

205 2027 274 2099 diis
284 2023 550 2097 immortalibus
560 2024 796 2120 quaestionem
806 2020 995 2093 reserenda
1008 2036 1102 2093 sunt.
1114 2021 1287 2099 Profecto

206 2161 269 2210 cos
286 2139 403 2234 ipsos,
417 2136 481 2232 qui
500 2159 538 2206 se
558 2131 696 2231 aliquid
710 2134 797 2205 certi
819 2131 953 2202 habere
967 2130 1211 2223 arbitrantur,
1224 2135 1287 2208 ad·

204 2246 372 2320 dubitare
389 2259 498 2342 coget
519 2244 812 2317 doctissimorum
837 2243 1029 2316 hominum
1055 2243 1102 2316 de
1126 2248 1286 2324 maxima

203 2384 244 2430 re
260 2373 362 2430 tanta
381 2356 568 2430 dissensio.

1300 2229 1320 2275 Ι

239 2546 285 2594 vl.
297 2531 721 2610 1.Autets't.ltegsud.ftterit:nisi
766 2555 817 2605 uss,
830 2545 865 2595 Η.
879 2543 1011 2593 Terentius.
1021 2547 1114 2595 Ms.-
1122 2547 1283 2613 Popularia

204 2625 268 2674 sorte
281 2625 369 2672 modos
381 2624 477 2673 Tullius
489 2625 596 2675 satiarit.
608 2627 720 2674 Dav.—
764 2622 1004 2682 omnitenentem
1012 2625 1283 2679 anatomiam.

203 2706 319 2753 Ernestus
331 2703 395 2752 nihil
415 2704 504 2752 mutari
524 2704 595 2764 vult3
609 2704 718 2752 inventus
763 2719 813 2768 go,
829 2704 985 2770 popularium
1002 2697 1110 2755 ninnium
1132 2709 1283 2760 adolescen-

202 2783 249 2831 erit
261 2784 345 2832 diceus
358 2799 409 2832 esse
423 2785 532 2831 sutorum
546 2784 716 2845 conjunctivi,
761 2783 830 2832 tium.
842 2784 890 2833 Sed
901 2801 946 2833 uos
958 2802 1015 2834 eum
1025 2787 1139 2835 Manutio
1148 2797 1174 2835 st
1184 2778 1283 2839 Guliel-

201 2863 270 2928 quod
289 2877 466 2926 nonnunquam
479 2879 527 2927 pro
551 2862 637 2911 futuro
655 2879 716 2910 eu-
760 2863 811 2911 mlo
825 2880 911 2913 vocem
922 2865 1030 2913 omnium
1044 2865 1235 2930 geminarinsus,
1251 2880 1281 2921 ut

201 2954 243 2991 eto
252 2942 360 3007 positum
370 2954 491 2990 occurret.
503 2941 631 3006 Improbat
643 2941 716 2989 etism
761 2959 844 2990 versus
866 2943 1014 3008 expleretur.
1026 2946 1188 2995 Dan-Its
1210 2947 1280 2997 huuc
1301 2951 1311 2961 ⁸

200 3019 715 3084 Neiud.Derisiicoujecturam.Cod.Glog.
761 3038 972 3088 versumquoque
990 3022 1059 3072 dedit
1081 3024 1172 3072 Heiud.
1193 3027 1280 3076 Nostri

199 3111 245 3148 nut
253 3100 296 3147 ubi
308 3099 362 3147 erit.
374 3101 429 3168 Mn.
761 3117 847 3149 omues
861 3103 934 3150 etism
957 3102 1076 3151 omittunt
1096 3103 1201 3154 alterum
1222 3122 1279 3155 otu·

236 3197 260 3228 a.
281 3181 313 3227 Ut
322 3178 364 3228 itte
377 3178 403 3226 in
421 3177 578 3246 Synephebis.
592 3179 676 3243 Vulgo
690 3190 717 3228 ut
760 3181 838 3230 nium.
850 3181 1034 3238 Mn-Cinrno,
1044 3192 1091 3230 etc.
1101 3184 1211 3233 Venuste
1220 3201 1280 3235 cun

198 3259 308 3317 Statius5
321 3258 378 3316 alii,
390 3267 418 3306 ut
431 3258 549 3314 Plausum
563 3259 604 3306 alii
614 3293 622 3318 ,
634 3270 661 3305 ut
672 3261 715 3307 Te·
759 3260 941 3324 Aristophaneo
953 3261 1011 3308 loco
1021 3261 1105 3311 Nubb.
1115 3277 1152 3309 vs.
1166 3263 1216 3324 704
1226 3279 1278 3330 seq.

199 3339 304 3396 rentius;
315 3355 371 3403 quae
381 3339 507 3386 varietates
514 3350 599 3402 aperte
607 3338 665 3387 satis
676 3338 714 3386 iu·
758 3339 812 3388 hsee
832 3338 924 3388 Caecilii
942 3341 1096 3403 composuit,
1114 3356 1278 3408 magumque
1301 3400 1317 3409 ,

199 3419 283 3465 dicant
295 3416 490 3481 amplectendam
508 3433 560 3465 esse
574 3418 637 3466 MSS
651 3419 717 3480 stege
758 3418 785 3466 iu
801 3418 978 3467 vocabulorum
998 3418 1063 3466 idem
1083 3417 1277 3483 significantium

197 3495 265 3546 Med.
279 3496 383 3544 Caumb.
393 3506 417 3544 et
426 3496 476 3544 1³21.
487 3505 541 3543 tert.
550 3496 710 3560 scripturam,
756 3486 873 3545 multitud
878 3497 917 3544 ine
928 3497 960 3544 sd
972 3497 1048 3545 risum
1057 3497 1216 3547 excitandum
1224 3500 1276 3551 rim

198 3577 235 3625 uti
247 3592 295 3624 uos
311 3575 410 3641 quidem
429 3576 548 3634 fecimus5
568 3575 626 3625 licet
646 3576 711 3624 enim
755 3579 834 3626 inesse
843 3579 1045 3627 commonstravit
1062 3577 1095 3626 ad
1110 3580 1275 3634 cominius.

197 3657 323 3708 Caecilium
333 3655 435 3704 Statium
445 3655 551 3703 tabulam
560 3655 711 3722 Synephebos
755 3656 823 3707 laud.
834 3659 999 3706 Hermannus.
1010 3657 1058 3707 Cn.
1209 3718 1215 3727 ·

197 3753 211 3783 e
224 3735 362 3784 Menandro
374 3734 473 3782 vertisse
485 3745 595 3794 constet,
610 3751 660 3782 non
674 3746 710 3782 ts·
792 3738 816 3785 3.
827 3737 953 3784 Fucinum
966 3736 1093 3801 capitalia.
1112 3739 1206 3789 Heiud.
1216 3756 1275 3790 cun

196 3832 253 3865 rnen
263 3825 343 3880 poetes
357 3830 447 3862 nomen
459 3815 568 3878 proferre
579 3813 658 3863 voluit
667 3813 710 3863 Ci·
754 3816 856 3864 Davisio
871 3815 924 3864 haec
935 3804 1096 3881 vernantisque
1106 3818 1138 3867 td
1151 3820 1275 3885 capitalia

196 3908 267 3954 ουτος
280 3892 324 3942 sed
335 3893 480 3958 simpliciter
492 3909 524 3941 ex
534 3909 561 3941 en
579 3893 710 3941 versiculos
756 3910 807 3941 non
820 3907 849 3942 ut
862 3911 955 3944 versum
970 3895 1109 3961 descripsit.
1123 3899 1212 3965 Neque
1225 3916 1274 3950 uo·

195 3975 271 4022 hosce
284 3972 404 4022 laudavit.
417 3975 485 4021 Dav.
494 4000 528 4009 -—
538 3973 624 4020 Nostri
635 3972 709 4036 pleri·
754 3972 793 4020 bis
806 3974 912 4038 contigit
924 3974 999 4023 hosce
1009 3992 1093 4024 versus
1103 3980 1211 4027 numeris
1222 3978 1274 4029 suis

195 4071 243 4117 que
262 4055 377 4101 omittunt
390 4053 491 4110 Statim,
510 4070 534 4099 v.
546 4068 569 4101 e.
583 4055 624 4100 Le.
636 4055 667 4100 A.
681 4055 709 4101 B.
755 4054 894 4102 restituere.
910 4054 1001 4104 Heind.
1013 4055 1087 4104 codd.
1099 4069 1218 4122 sequutus
1229 4059 1274 4122 eji-

191 4136 223 4182 C.
234 4135 275 4182 tu.
287 4150 294 4196 ;
307 4132 383 4183 M.G.
399 4135 419 4181 1.
430 4144 453 4180 et
463 4134 497 4193 lt,
510 4131 627 4180 exhibent
635 4133 710 4180 Pluu-
756 4134 789 4180 cit
804 4149 826 4182 v.
837 4134 878 4182 ille
891 4146 950 4198 post
962 4133 1079 4198 queritur.

67 4394 151 4488 ἱ
