2648 4776
199 357 262 434 DE
286 354 476 424 NATURA
499 354 717 434 DEORUM,
741 353 873 420 LIBER
899 353 936 436 l,
964 375 997 446 7.
1092 375 1130 447 ¹7

110 474 224 568 Quod
242 498 358 572 quum
377 497 470 570 saepe
487 471 590 559 alias,
608 487 688 543 tum
706 472 860 541 maxim'e
879 471 1132 552 animadverti,
1155 501 1187 556 ,ς

66 610 178 684 quum
199 583 296 683 apud
319 589 357 656 C.
380 585 559 667 Cottaml,
580 580 790 653 familiarem
812 605 949 671 meum,
969 597 1133 654 accurate

64 721 146 768 sane
160 712 198 767 et
210 694 403 793 diligenter
414 693 460 765 de
469 692 537 764 diis
547 690 812 763 immortalibus
823 690 1042 788 disputatum
1052 682 1066 735 ⁵
1077 694 1132 764 sit.

61 808 169 892 Nam,
188 829 304 902 quum
323 802 421 875 seriis
438 797 598 874 Latinis⁶
616 801 660 873 ad
684 825 788 886 eum,
809 801 921 897 ipsius
937 815 1066 898 rogatu
1080 827 1133 872 ar·

61 916 269 1012 cessituque
287 916 484 999 venissem,
503 911 643 985 ofsendi
660 936 742 983 eum
762 910 946 982 sedentem
966 915 1002 980 in
1027 911 1135 983 exhe-
1236 912 1243 933 '

61 1025 123 1097 dra
135 1037 162 1114 ⁷,
188 1041 334 1097 etcum
360 1029 400 1096 C.
427 1016 589 1095 Velleio8
611 1037 776 1094 senatore
801 1020 1063 1118 disputantem,
1088 1021 1134 1092 ad

60 1161 171 1234 quem
188 1150 266 1206 tum
281 1136 449 1233 Epicurei
464 1136 597 1232 primas
614 1158 657 1204 ex
670 1133 802 1209 nostris
816 1130 1028 1203 hominibus
1042 1130 1136 1203 dese

58 1245 202 1317 rebant.
221 1243 355 1317 Aderat
370 1246 476 1315 etiam
500 1246 544 1334 Q.
567 1243 727 1314 Lucilius
745 1240 911 1332 Balbus9,
931 1243 994 1338 qui
1014 1256 1135 1314 tantos

59 1377 275 1453 progressus
289 1351 447 1425 habebat
460 1355 499 1425 in
513 1355 651 1437 stoicis,
668 1366 711 1423 ut
724 1375 806 1446 cum
822 1350 1134 1450 excelle-ntibusin

59 1490 103 1537 eo
121 1488 258 1560 genere
277 1464 411 1536 Graecis
430 1476 709 1563 compararetur.

106 1578 190 1646 Vll.
204 1577 317 1661 Tum,
332 1589 373 1644 ut
388 1599 446 1646 me
460 1579 565 1646 Cotta
578 1571 686 1655 vidit,
698 1576 985 1668 Peropportune,
999 1572 1133 1667 inquit,

57 1685 172 1756 venis.
192 1685 320 1755 Oritur
341 1685 438 1754 enim
460 1683 548 1754 mihi
567 1705 696 1778 magna
717 1680 762 1752 de
783 1705 823 1751 re
845 1679 1029 1751 altercatio
1050 1703 1133 1749 cum

29 1876 32 1880 μ
57 1792 202 1864 Velleio
213 1819 224 1879 ;
236 1794 312 1879 cui,
325 1816 392 1890 pro
409 1807 472 1864 tuo
487 1791 627 1879 studio,
642 1815 716 1880 uon
729 1805 783 1862 est
796 1790 954 1860 alienum
969 1802 1004 1860 te
1020 1792 1131 1859 inter-

59 1925 149 1972 esse.
166 1902 280 1997 Atqui
298 1901 388 1972 mihi
406 1927 557 2000 quoque
578 1900 716 1988 videor,
735 1903 903 1996 inquam,
918 1899 1075 1985 venisse,
1091 1914 1133 1971 ut
1153 1929 1185 1981 1⁶

58 2010 166 2099 dicis,
186 2027 403 2110 opportune.
418 2017 505 2085 Tres
517 2016 613 2084 enim
626 2014 734 2083 trium
750 2009 1017 2109 disciplinarum
1034 2011 1132 2107 prin-

58 2120 160 2217 cipes
174 2123 403 2193 convenistis.
422 2125 472 2192 M.
490 2125 571 2195 Piso
587 2124 616 2193 si
633 2120 772 2192 adesset
783 2129 810 2206 ¹,
824 2118 958 2190 nullius
973 2119 1130 2216 philoso-

58 2228 191 2326 phiae2,
211 2255 335 2302 earum
352 2230 524 2329 quidem,
545 2256 626 2328 quae
645 2231 843 2301 inhonore
866 2243 971 2315 sunt,
989 2242 1134 2305 vacaret.

57 2337 174 2411 locus.
194 2344 287 2412 Tum
306 2345 428 2413 Cotta:
449 2343 505 2430 Si,
525 2333 663 2440 inquit,
680 2340 772 2411 liber
785 2336 978 2410 Antiochi³
1000 2341 1131 2424 nostri,

95 2521 121 2570 4.
139 2514 167 2564 C.
184 2514 290 2565 Cottam
306 2515 335 2566 C.
352 2517 573 2576 Aurelianensis,
653 2531 678 2578 9.
697 2518 726 2579 Q.
740 2513 845 2563 Lucilius
864 2514 961 2562 Balbus.
976 2517 1009 2576 Q.
1024 2515 1130 2563 tucssius

56 2594 170 2642 euntem
180 2595 311 2659 pontifex,
321 2596 359 2642 vir
367 2596 498 2644 acutissimi
508 2597 574 2660 inge·
617 2593 707 2642 Balbos
715 2594 854 2658 magistrum
869 2593 895 2641 in
903 2593 981 2642 stoica
1001 2593 1128 2658 disciplina

56 2672 112 2733 nii,
133 2673 191 2737 qui,
201 2684 290 2738 utpote
311 2674 490 2735 Academicus,
512 2674 573 2723 alios
616 2673 702 2721 habuit
715 2674 855 2722 Panaetium.
872 2673 919 2721 llio
931 2689 945 2721 a
956 2674 1074 2722 Cicerone
1087 2690 1129 2721 ex·

57 2751 143 2799 verbis
156 2750 274 2816 iiopedire
286 2753 312 2800 io
321 2752 470 2817 disputando
482 2754 574 2815 studet,
617 2751 715 2800 hibetur
733 2751 851 2800 candidus
863 2752 890 2800 in
906 2768 949 2800 sua
960 2753 1093 2818 opinione,
1104 2764 1129 2800 et

56 2845 230 2894 necunquam
241 2832 368 2897 snamipee
379 2832 572 2881 seutentiamde·
616 2831 649 2880 ad
670 2829 784 2879 tuendam
808 2832 948 2880 Stoicorum
975 2831 1128 2895 disciplinam

57 2908 147 2959 ciant.
616 2911 755 2958 acerrimus.

96 2987 123 3036 ⁵.
137 2986 232 3035 Dediis
238 2985 413 3039 immortalibus
425 2988 572 3054 disputatum
651 2989 710 3036 Vll.
731 3004 753 3035 r.
767 2991 803 3038 M.
816 2987 875 3037 Piso
885 2987 907 3035 si
921 2988 1024 3037 adesset.
1035 2990 1126 3053 Vulgg.

57 3064 99 3115 sit.
119 3065 237 3115 Ultimum
257 3083 343 3116 vocem
360 3067 475 3116 latinitati
488 3084 572 3132 parum
616 3068 722 3120 henim
734 3068 797 3118 Piso.
806 3067 854 3116 ¹Sed
862 3069 967 3116 secunda
976 3069 1064 3117 vocula
1073 3086 1128 3117 sen·

58 3155 248 3193 mnaeotaoeam
261 3162 312 3195 csse
321 3147 375 3195 vnlt
387 3149 465 3196 Janus
481 3146 573 3195 Guliel-
616 3163 671 3195 enm
682 3147 776 3205 turbat,
789 3163 834 3194 nec
855 3147 881 3194 in
894 3146 985 3195 Ellens.
1000 3146 1070 3195 Med.
1085 3157 1129 3194 ant

57 3224 291 3288 nins3qnspropter
297 3225 355 3289 legit
361 3224 509 3290 disprstatum
508 3224 572 3289 fuit.
616 3228 677 3290 lieg.
687 3227 786 3286 visitur3
797 3236 947 3290 quapropter
959 3225 1067 3273 exsulare
1074 3226 1127 3286 jus·

57 3303 124 3351 uitri
138 3301 204 3351 salva
217 3303 318 3353 ridetur
332 3304 454 3364 latinitas,
467 3304 572 3369 ideoque
615 3306 698 3353 simus.
706 3307 734 3352 In
742 3305 805 3353 MSS
814 3303 999 3352 tumenduobus
1006 3301 1070 3368 quos
1078 3304 1128 3352 lan·

56 3382 123 3431 nthtt
135 3391 214 3430 muto.
225 3383 292 3430 Dav.
617 3383 726 3432 davimm
740 3383 831 3432 ultimis
844 3399 895 3430 uon
909 3384 943 3430 M.
953 3383 995 3430 sed
1011 3382 1055 3430 Cn.
1068 3383 1128 3431 Piso

94 3462 123 3510 6.
131 3460 312 3510 terttstarinu.
324 3462 361 3510 De
369 3463 574 3511 leriisLatinisvi·
616 3461 712 3525 legitur.
723 3462 884 3511 Dan-Piso
893 3461 982 3511 Stoice
994 3473 1066 3510 seotae
1078 3471 1128 3511 erat

58 3540 90 3590 de
100 3542 181 3605 Epist.
191 3538 225 3587 ad
233 3541 309 3588 Attio.
319 3540 364 3597 lv.
375 3557 386 3589 1
396 3577 404 3603 ,
413 3542 438 3589 3.
618 3541 724 3590 deditus.
732 3542 791 3590 vid.
804 3541 837 3589 de
844 3544 912 3591 Orat.
923 3545 944 3602 1,
957 3559 999 3591 oa.
1008 3545 1100 3594 wire.

96 3635 121 3681 7.
143 3620 176 3665 In
194 3616 314 3667 exhedra.
327 3619 440 3668 Exhedra
456 3632 493 3668 est
505 3619 574 3668 sedes
654 3637 679 3668 a.
691 3620 788 3669 Nullius
794 3620 963 3685 philosophia.
976 3625 995 3669 1.
1006 3638 1028 3670 e.
1038 3622 1128 3671 nullius

57 3697 186 3760 morcui
193 3695 276 3760 plures
284 3697 388 3746 insidere
396 3708 509 3762 possum,
517 3698 575 3746 emi·
618 3711 689 3748 secte
698 3699 1060 3764 philosophorumliranteoim
1069 3682 1139 3765 qna·¹

59 3786 202 3827 oeosextra
215 3776 346 3839 porticum.
358 3779 449 3826 Wrrr.
543 3815 544 3818 ,
618 3788 676 3827 tuor
686 3789 757 3827 secte
768 3778 871 3826 Athenis
880 3781 1033 3837 constitute,
1047 3781 1129 3828 Plato·

97 3856 122 3905 8·
134 3855 161 3904 C.
181 3854 283 3903 Velleio.
296 3856 327 3905 C.
341 3855 450 3904 Velleius
463 3854 575 3904 tribuum
618 3858 673 3905 nica
683 3873 739 3920 qne
746 3856 871 3905 dicebatur
877 3868 902 3905 et
908 3857 1066 3917 Academica,
1077 3859 1131 3907 Ari·

59 3933 141 4002 plebis
149 3949 217 3981 anno
229 3935 315 3983 Rome
325 3934 481 3983 uosvtmm
490 3936 515 3982 io
527 3935 576 3983 dis·
619 3935 747 3991 stoteltca,
762 3936 843 3985 Stoica
853 3947 879 3984 et
891 3937 1018 4000 Epicurea.
1026 3939 1119 3985 ww.

60 4013 174 4080 punndo
192 4014 360 4073 temerarium,
372 4015 472 4080 Epicuri
486 4014 574 4063 inmo·
657 4016 680 4063 3.
697 4013 821 4063 Antiochi.
842 4014 980 4064 Antiochus
991 4015 1130 4064 Ascalonita

59 4093 144 4141 dien
155 4090 327 4141 adotirstotem
340 4092 435 4151 inducit
445 4092 540 4142 Cicero.
620 4108 745 4141 successor
763 4093 872 4143 Philonis
887 4095 914 4142 in
927 4090 1057 4143 Academia
1074 4111 1132 4160 pro·

136 4189 198 4258 lv,
217 4204 262 4250 cte.
271 4220 326 4265 pers
342 4206 413 4249 tertia.
542 4231 547 4235 ·
1002 4217 1021 4260 2
