2648 4776
156 768 203 824 90.

302 330 960 421 raauaacaaouonoorca.
1093 362 1163 410 xxv

95 464 169 518 AEaa
187 474 265 515 rara.
1031 466 1062 518 A.
1080 463 1163 521 c.1t.

254 550 444 629 exemplaria,
451 567 517 626 quae
527 546 667 607 exhibent
673 546 872 627 olympiadem
880 566 951 607 xcix
960 552 1025 610 loco

254 646 428 727 olympiadis
442 664 523 703 anx.

295 745 441 819 Diogenes
467 739 703 818 Apolloniensis,
730 740 892 819 discipulus
919 744 1028 802 Anan-
1070 756 1135 824 49¹·

254 840 355 901 menis.

195 985 202 996 .
294 942 500 1013 Anaxagoras,
513 932 674 1011 discipulus
690 933 896 1007 Anaximenis,
918 936 1029 1014 primus
1070 942 1138 1013 47⁸·

253 1033 372 1091 Athenis
398 1028 615 1109 philosophiam
640 1029 792 1108 amplexus
819 1043 892 1087 est:
921 1033 1029 1090 etenim

256 1127 385 1187 nondum
397 1124 525 1184 Thaletis
539 1143 719 1183 successores
732 1124 815 1182 Ionia
829 1124 1026 1186 discesserant.

198 1270 204 1282 .
296 1229 374 1283 Zeno
390 1222 533 1292 Eleensis,
554 1219 714 1299 discipulus
730 1233 760 1278 et
780 1220 856 1279 lilius
872 1221 1030 1300 adoptivus
1072 1230 1138 1296 466.

255 1320 450 1380 Anaximenia.
467 1317 640 1377 Aristoteles
661 1336 728 1376 eum
747 1316 905 1376 dialecticae
925 1319 1030 1378 inven-

255 1430 351 1476 torem
368 1427 530 1494 nuncupat.

196 1560 202 1571 .
295 1513 478 1592 Leucippus,
493 1510 652 1590 discipulus
664 1511 789 1569 Zenonis
800 1510 929 1570 Eleensis
939 1532 1029 1591 supra
1071 1517 1137 1586 451.

143 3741 206 3797 182.

257 1609 336 1671 dicti.

199 1751 205 1763 .
298 1704 503 1784 Empedocles,
524 1724 540 1764 e
562 1715 640 1763 secta
653 1704 771 1773 Italica,
792 1718 878 1764 natus
893 1722 962 1763 ann.
977 1725 1032 1764 rto
1072 1708 1138 1775 436.

257 1828 321 1867 arae
335 1806 555 1886 philosophicae.
569 1810 644 1865 Eum
660 1806 743 1864 aiunt
755 1806 928 1885 Pythagora
941 1806 1031 1866 disci-

257 1905 376 1984 pulum,
392 1902 444 1961 sed
464 1915 597 1983 tempora
618 1921 678 1959 non
697 1916 873 1979 congruunt.
888 1904 1031 1962 Henricus

258 1999 401 2068 Dodwel,
424 1998 461 2057 de
483 2011 567 2057 etate
587 1999 707 2076 Pythag.
728 1999 793 2055 vult
817 2018 884 2057 eum
905 1999 1030 2058 audiisse

255 2096 451 2173 Pythagoram
470 2095 625 2173 quemdam
643 2095 806 2172 juniorem,
829 2096 879 2172 qui
900 2108 1029 2155 veterem

258 2191 452 2269 Pythagoram
464 2191 527 2268 ipse
541 2191 684 2249 audierat.

198 2334 205 2347 .
298 2291 447 2360 Socrates,
469 2286 628 2365 discipulus
646 2286 802 2360 Archelai,
823 2289 873 2365 qui
896 2287 1029 2348 audierat
1070 2300 1137 2359 aaa.

258 2389 478 2462 Anaxagoram,
500 2397 585 2443 natus
618 2403 698 2442 anno
726 2403 792 2442 aerae
816 2384 1028 2464 philosophicae

263 2490 333 2551 nt,
356 2480 479 2539 decessit
500 2493 623 2538 exeunte
646 2499 723 2539 anno
741 2479 807 2538 183.
831 2486 945 2538 Annum
967 2502 1026 2560 quo

257 2574 381 2635 florebat
395 2574 527 2634 eumdem
542 2575 623 2647 dieo,
638 2575 714 2633 intra
725 2594 812 2652 quem
822 2575 1027 2653 Aristophanis

257 2671 358 2732 Nubes
373 2672 405 2730 iu
420 2691 534 2731 scenam
548 2673 674 2750 primum
689 2670 872 2749 prodierunt.

199 2814 205 2827 .
295 2768 498 2837 Democritus,
514 2765 675 2845 discipulus
688 2767 838 2846 Leucippi.
856 2771 948 2826 Natus
964 2784 1026 2829 erat
1068 2782 1134 2841 aar.

258 2883 334 2923 anno
352 2865 407 2922 1a3
428 2882 492 2921 aras
517 2862 736 2942 philosophicae.
763 2864 899 2941 Plerique
925 2879 1028 2925 aucto-

256 2980 303 3020 res
318 2960 420 3019 volunt
435 2979 502 3018 eum
516 2958 639 3036 amplius
654 2971 771 3017 centum
788 2976 879 3017 annos
892 2960 1007 3019 vixisse.

199 3103 206 3116 .
296 3056 454 3134 Diagoras,
482 3056 534 3132 qui
558 3053 629 3113 deos
655 3074 716 3113 esse
738 3054 872 3132 negabat.
895 3062 937 3116 Eo
961 3058 1025 3135 ipso
1068 3070 1134 3132 4η..

259 3174 352 3225 nno,
367 3154 391 3212 si
405 3152 551 3232 scaligero
566 3151 650 3226 fides,
667 3153 729 3230 ejus
747 3154 836 3212 vitam
853 3153 1028 3213 addixerunt

258 3267 287 3311 et
303 3252 427 3331 premiis
438 3263 657 3330 proposuerunt
665 3251 862 3310 Athenienses.

199 3394 206 3407 .
295 3355 488 3427 Protagoras,
510 3348 670 3426 discipulus
692 3349 860 3407 Democriti.
882 3349 1026 3427 Diogenes
1069 3363 1135 3421 tri.

259 3447 392 3506 laertius
402 3445 444 3504 ait
454 3465 520 3504 eum
529 3445 661 3504 lloruisse
670 3444 706 3502 ad
714 3445 909 3522 olympiadem
920 3466 1024 3519 axx1v3

258 3542 309 3603 sed
328 3544 446 3602 fallitur.
463 3542 578 3603 Etenim
593 3562 653 3602 non
674 3543 769 3620 potuit
785 3541 945 3622 discipulus
962 3564 1024 3603 ma-

257 3643 339 3721 gistri
353 3654 450 3701 ortum
467 3640 647 3702 antecedere.

295 3740 481 3820 Xenophon,
497 3738 658 3818 discipulus
674 3740 812 3799 Socratis.
826 3743 855 3799 Is
867 3738 903 3797 ad
919 3739 1026 3800 bellum
1068 3742 1133 3822 399.

256 3837 406 3915 prolectas
421 3850 465 3895 est
477 3856 542 3894 cum
552 3836 661 3913 juvene
677 3838 772 3913 Cyro,
793 3855 869 3894 anno
884 3837 939 3895 182
957 3858 965 3893 ε
985 3839 1026 3897 ita

257 3953 316 3992 non
340 3934 466 3994 Socratis
489 3934 576 3993 morti
607 3932 709 3991 adluit.
742 3934 871 3992 Decessit
892 3934 1026 3993 Corinthi

257 4049 334 4089 anno
347 4031 414 4089 aad.

171 4137 446 4215 Neai-nana.
1001 4137 1024 4207 b
