2648 4776
215 408 264 452 xx
680 386 827 457 INDEX

215 508 249 569 in
267 508 373 571 verbis
389 508 657 596 transponendis,
672 531 748 572 cum
764 506 1001 597 Redingeriano
1016 507 1198 595 conspirat,
1213 528 1290 574 sunt

212 636 251 676 ex
262 631 418 701 apparatu
429 615 589 678 Goerenzii
603 615 672 678 Viri
691 615 736 678 Cl.
758 615 807 678 uti
824 637 896 702 quae
913 629 1022 677 notata
1040 631 1117 677 sunt
1134 617 1235 680 literis

262 720 344 806 Oxj:
361 744 387 784 e.
403 744 433 784 o.
451 744 481 783 u.
499 737 531 783 et
549 738 576 806 ψ.
592 743 664 806 quae
682 736 759 783 sunt
779 737 929 808 excerpta
945 718 1095 784 codicum
1112 720 1153 785 ad
1171 720 1289 786 editio·

216 847 290 888 nem
319 826 541 889 Oxoniensem
564 824 797 890 adhibitorum.
822 828 871 889 Ex
892 826 943 889 his
966 826 1104 889 maxime
1121 850 1138 890 a
1154 828 1288 916 vulgato

214 945 305 992 textu
331 929 441 993 differt
463 930 536 993 Oxf.
560 953 587 994 e.
612 931 729 1017 partim
756 948 907 1018 stupore,
930 931 1064 1019 partim,
1088 948 1126 994 ut
1147 931 1287 1013 videtur,

213 1035 391 1123 petulantia
419 1035 553 1116 librarii,
581 1036 747 1099 vocabulis
777 1036 940 1099 Ciceronis
973 1046 1103 1119 συνώνυμα
1129 1039 1287 1102 sexcentis

213 1142 292 1204 locis
322 1131 562 1205 substituentis.
584 1143 793 1230 Quamquam
816 1143 849 1204 in
875 1143 925 1205 his
950 1145 1046 1206 etiam
1072 1144 1191 1223 insint,
1214 1167 1287 1231 quae

214 1268 274 1307 nos
291 1244 455 1309 advertere
476 1247 611 1333 possint.
628 1248 757 1311 Omittit
776 1248 894 1334 pariter
915 1264 953 1311 ut
971 1246 1042 1311 cod.
1064 1248 1110 1311 M.
1129 1249 1286 1314 vocabula

213 1349 368 1436 plurima,
385 1374 491 1439 neque
506 1375 583 1416 vero
600 1351 732 1434 eadem,
752 1376 823 1440 quae
841 1354 901 1417 ille.

258 1455 323 1519 Ed.
351 1458 413 1521 ΤΙι.
440 1458 497 1520 Est
518 1456 617 1521 editio
641 1481 659 1520 a
684 1460 804 1522 lacobo
830 1461 1005 1522 Thannero
1024 1460 1175 1546 (Lipsiae)
1203 1458 1286 1523 1520

213 1578 338 1644 curata,
354 1565 406 1627 cui
424 1563 603 1627 titulus‘est
618 1587 625 1627 ε
639 1566 740 1628 «Tres
758 1565 922 1628 Ciceronis
942 1562 984 1627 de
1000 1564 1122 1628 Natura
1138 1567 1285 1628 Deorum

212 1664 285 1728 libri
312 1668 557 1756 elegantissimi,
588 1670 645 1755 qui
677 1687 752 1733 ante
784 1670 909 1759 inscitia
934 1669 1203 1757 catagraphorum
1228 1669 1285 1735 de·

212 1774 349 1856 pravati,
363 1774 429 1852 jam
449 1775 602 1837 severiori
620 1773 662 1837 ad
685 1797 829 1862 unguem
848 1775 920 1838 lima
940 1775 1072 1862 expoliti
1091 1798 1110 1838 a
1129 1777 1284 1862 plusculis

213 1878 339 1943 mendis
358 1879 508 1944 vindicati
526 1881 559 1943 in
578 1881 683 1943 lucem
702 1880 866 1968 prodeunt
877 1913 901 1945 u.
919 1881 1032 1944 Plures
1055 1882 1196 1971 egregias
1215 1883 1284 1946 baec

211 1977 311 2044 editio
328 1982 482 2045 lectiones
497 1983 644 2063 exhibet,
660 2005 856 2070 quamquam
872 2006 1044 2070 operarum
1056 2006 1180 2048 errores
1195 1984 1283 2048 haud

210 2083 311 2179 pauci,
334 2084 442 2146 insint.
479 2084 585 2162 Hujus
618 2107 752 2170 quoque
780 2084 929 2147 editionis
958 2101 1117 2177 excerpta,
1133 2100 1211 2147 sunt
1245 2108 1282 2148 ex

210 2205 365 2278 apparatu
382 2189 604 2253 Goerenziano.
622 2190 770 2277 Denique
782 2190 931 2254 Moserus
945 2190 1102 2277 excerpsit
1115 2188 1271 2254 lectiones

254 2296 319 2359 Ed.
336 2295 411 2359 Bas.
431 2296 622 2383 Comparuit
637 2297 706 2360 haec
725 2296 824 2360 editio
844 2296 1011 2384 splendida
1029 2312 1171 2384 quatuor
1187 2297 1282 2360 volu·

210 2402 354 2465 minibus
377 2403 490 2466 formae
516 2403 661 2465 maximae
685 2403 813 2466 Basilcae
839 2402 927 2490 apud
952 2380 1165 2490 Hernagium
1180 2402 1280 2483 1534,

207 2508 300 2587 cujus
319 2509 536 2596 praestantiam
556 2509 689 2597 agnovit
710 2510 778 2597 ipse
794 2509 951 2572 Ernestus
975 2510 1007 2571 in
1028 2508 1218 2572 Praelatione
1239 2508 1280 2572 ad

208 2617 372 2678 Ciceronis
387 2639 484 2703 opera
499 2615 624 2701 (Praeff.
642 2633 674 2678 et
688 2614 850 2679 NottAEd.
867 2616 946 2679 min.
962 2638 993 2702 p.
1006 2616 1069 2700 19),
1085 2630 1277 2702 monetque,

208 2722 325 2784 multas
345 2744 415 2784 eam
443 2721 595 2784 exhibere
620 2721 773 2785 lectiones
799 2723 935 2808 optimas
957 2737 990 2783 et
1012 2720 1147 2809 vulgatis
1166 2723 1279 2809 praefe-

207 2827 341 2908 rendas,
363 2827 480 2891 multas
506 2828 620 2910 etiam,
648 2851 728 2914 quas
754 2828 900 2915 plerique
928 2825 1067 2890 editores
1090 2828 1234 2914 primum
1260 2852 1278 2891 a

205 2932 349 2995 Victorio
368 2931 568 2997 introductas
586 2932 791 2997 crediderint.
808 2935 911 2996 Usum
927 2955 995 2996 esse
1010 2931 1168 2996 editorem
1189 2933 1277 2997 libris

203 3037 284 3102 MSS
314 3055 445 3126 apparet
473 3061 512 3103 ex
541 3039 744 3127 praelatione,
773 3038 862 3102 unde
891 3040 960 3103 haec
990 3055 1121 3102 enotare
1152 3039 1275 3103 libuit:

203 3144 360 3233 «Linguae
375 3145 480 3208 latinae
494 3145 693 3233 principem,
709 3146 804 3208 toties
818 3144 989 3208 infeliciter
1000 3145 1171 3224 emissum,
1185 3145 1276 3209 noris

203 3272 292 3314 nunc
309 3251 398 3314 velut
419 3250 560 3314 induviis
577 3250 771 3314 adornatum
795 3249 1029 3339 magnificaque
1045 3247 1122 3312 dote
1143 3266 1276 3313 auctum

201 3356 413 3420 restituimus.
438 3357 529 3438 Quot
561 3379 620 3418 nos
644 3357 776 3419 lacunas
803 3356 1018 3444 explevimus,
1051 3371 1132 3442 quot
1157 3355 1276 3419 menda

200 3461 432 3548 expunximus!
452 3464 547 3526 Certe
562 3462 599 3542 ii,
613 3463 668 3549 qui
687 3485 761 3526 cum
775 3463 813 3525 iis
825 3461 1078 3550 exemplaribus,
1096 3483 1169 3547 quae
1180 3478 1277 3525 antea

199 3583 277 3630 sunt
294 3567 395 3649 edita,
408 3569 493 3632 hanc
507 3568 684 3632 editionem
701 3569 918 3650 contulerint,
935 3591 1006 3632 eam
1030 3568 1126 3631 nobis
1145 3566 1275 3631 laudem

199 3673 361 3755 tribuent,
388 3697 583 3762 numquam,
611 3692 686 3761 post
709 3675 931 3763 typographica
954 3673 1143 3752 inventum,
1162 3696 1277 3737 emen·

197 3776 355 3841 datiorem
377 3780 651 3867 castigatioremve
669 3780 759 3843 bunc
777 3797 943 3843 auctorem
963 3778 1133 3867 prodiisse.
1159 3778 1276 3865 Neque

197 3884 284 3947 enim
302 3901 429 3948 tantum
443 3902 587 3949 recentes
605 3887 730 3974 gallicas
747 3910 784 3949 ae
802 3886 999 3974 germanicas
1019 3883 1180 3948 editiones
1193 3908 1275 3949 con·

196 3988 371 4069 suluimus,
391 3988 448 4053 sed
471 3991 703 4078 antiquissimis
721 3991 975 4079 exemplaribus,
998 3989 1172 4069 Romanis,
1198 3989 1274 4052 Flo·

196 4093 346 4175 rentinis,
364 4093 493 4158 Venetis
508 4096 557 4158 usi
571 4117 696 4174 sumus,
706 4095 866 4185 plerisque
876 4098 970 4161 etiam
986 4118 1085 4160 inante
1102 4098 1226 4183 scriptis
1243 4109 1274 4158 et
