2648 4776
470 352 722 420 PRAEFATIO.
1106 377 1153 421 xv

82 474 207 556 amicis,
221 473 277 561 qui
289 494 343 535 me
358 472 392 534 in
405 472 467 536 hac
478 471 620 560 paranda
634 458 778 537 editione
790 473 935 536 certatim
949 472 1154 552 adjuverunt.

84 582 236 663 Quorum
251 575 357 641 officia
374 599 442 665 quo
457 577 634 667 insigniora
651 578 844 642 exstiterunt
859 578 893 641 in
911 601 963 642 me
978 601 986 642 ι
1003 578 1067 644 boc
1084 601 1154 644 ma·

82 688 130 776 gis
150 707 213 773 ego
235 684 296 746 hac
313 698 346 746 et
363 681 425 746 loci
447 700 482 747 et
503 685 658 772 temporis
682 683 888 747 excusatione
915 699 997 765 utar,
1019 701 1057 749 ut
1076 685 1156 749 sim·

82 793 209 880 pliciter
230 805 357 853 tanturn
379 806 413 852 et
436 791 547 876 paucis
572 789 762 854 describam.
788 789 904 877 Neque
929 790 1017 853 enim
1039 813 1155 857 eorum

84 898 195 961 animo
214 918 351 984 operosa
373 895 586 983 affectataque
606 896 879 984 gratiarumactio
898 897 1030 983 placeat

127 1005 176 1067 Ac
192 1006 337 1090 primurn
351 1001 548 1089 Savignyus,
563 1002 611 1064 vir
623 1001 869 1082 celeberrimus,
880 1002 941 1066 iter
956 1001 1154 1081 Parisinum,

83 1107 175 1195 quod
199 1108 365 1172 literarum
390 1128 485 1170 causa
510 1107 708 1189 instituerat,
736 1129 803 1172 non
832 1108 894 1171 sibi
916 1101 983 1172 soli
1001 1107 1156 1196 prodesse

82 1213 204 1295 voluit,
220 1213 443 1278 verumetiam
460 1213 581 1277 amicis.
600 1214 762 1295 Quocirca
778 1230 811 1277 et
825 1213 894 1302 ipse
907 1213 976 1293 ejus
995 1214 1158 1278 voluntati

83 1334 255 1407 acceptum
272 1321 379 1382 relero
397 1317 560 1406 quidquid
578 1319 714 1383 Parisini
730 1336 902 1408 apparatus
917 1319 959 1383 ad
977 1320 1038 1385 hos
1057 1320 1160 1385 libros

82 1449 101 1488 a
120 1425 216 1488 nohis
239 1423 423 1488 adhibitum
444 1441 503 1489 est.
520 1425 792 1514 wyttenbachius
812 1425 910 1506 item,
930 1426 979 1488 vir
1000 1426 1033 1489 in
1056 1425 1158 1490 literis

82 1530 273 1619 primarius,
293 1552 360 1593 non
378 1528 530 1594 codicum
547 1530 646 1594 modo
664 1530 872 1595 Leidensium
891 1531 970 1594 mihi
993 1532 1081 1595 ultro
1099 1553 1157 1596 co-

85 1637 170 1724 piam
184 1636 277 1718 fecit,
297 1658 412 1700 venam
427 1636 542 1717 etiarn,
560 1636 636 1700 licet
651 1636 755 1700 oculis
772 1637 838 1700 suis
858 1635 988 1701 officere
1004 1638 1156 1701 sensisset
1174 1644 1179 1654 “

85 1741 118 1805 id
140 1742 326 1832 negotium,
348 1742 474 1806 scholas
496 1764 593 1829 super
615 1741 679 1806 hoc
696 1742 780 1806 libro
796 1765 870 1806 suas
887 1766 958 1808 mea
974 1766 1069 1808 causa
1088 1744 1157 1831 ipse

84 1849 292 1935 perlustravit
303 1849 519 1934 correxitque.
531 1850 608 1931 Quo
620 1849 774 1937 singulari
791 1849 825 1912 in
837 1872 891 1914 me
906 1850 1016 1914 studio
1032 1852 1157 1914 factum

84 1954 158 2034 cst,
170 1971 209 2018 ut
227 1953 413 2017 earumdem
429 1955 595 2041 Excerptis
619 1955 704 2018 hanc
720 1977 825 2018 meam
843 1955 1019 2019 editionem
1038 1978 1157 2044 augere

85 2077 117 2123 et
140 2082 297 2124 exornare
321 2083 459 2148 possem.
485 2060 589 2124 Porro
613 2059 799 2124 Goerenaius
817 2061 857 2125 V.
882 2061 927 2125 Cl.
946 2078 1156 2150 posteaquam

84 2165 210 2229 consilii
222 2167 285 2230 mei
294 2167 435 2230 rationes
450 2167 668 2254 cognovisset,
679 2167 753 2232 licet
762 2185 794 2232 et
806 2169 875 2255 ipse
889 2169 924 2230 in
937 2168 1157 2232 Ciceronianae

86 2271 297 2360 philosophiae
328 2273 549 2337 monumentis
583 2272 781 2337 illustrandis
817 2273 1010 2355 desudaret,
1046 2291 1156 2338 tamen

85 2393 203 2464 sponte
226 2377 307 2440 mihi
327 2377 497 2464 copiarum
523 2401 677 2459 suarum,
700 2380 752 2443 his
773 2379 863 2444 libris
890 2381 1156 2459 inservientium,

87 2485 260 2546 maximam
274 2499 399 2571 partem
415 2485 459 2546 ita
475 2485 640 2572 permisit,
652 2501 690 2547 ut
705 2486 842 2547 aliorum
861 2484 1020 2547 librorum
1034 2485 1156 2548 Tullia·

88 2611 205 2652 uorum
227 2606 376 2678 excerpta
398 2606 515 2653 mutuo
539 2614 558 2653 a
578 2613 630 2653 me
646 2591 814 2677 acciperet.
834 2590 984 2677 Denique
1006 2589 1155 2652 Moserus

87 2716 196 2772 meus,
219 2695 277 2781 qui
300 2695 402 2783 probe
419 2717 472 2757 me
486 2695 626 2759 exerceri
642 2694 772 2759 vidisset
789 2719 892 2782 quum
905 2696 996 2775 jusso
1012 2696 1156 2758 muneris

88 2800 237 2889 negotio,
260 2816 331 2863 tum
349 2801 417 2865 aliis
437 2803 533 2865 etiarn
555 2801 855 2877 lucubrationibus,
879 2802 939 2864 hac
964 2823 1095 2887 quoque
1122 2801 1156 2863 in

87 2928 181 2970 causa
199 2907 400 2971 voluntatem
417 2907 450 2969 in
472 2930 525 2971 me
541 2930 651 2987 suam,
668 2923 718 2971 tot
735 2907 804 2970 aliis
823 2908 920 2970 rebus
938 2906 1064 2970 dudum
1082 2929 1158 2993 per·

87 3028 241 3099 spectem,
257 3011 496 3099 comprobavit,
511 3036 612 3099 quum
632 3029 766 3102 rogante
782 3035 835 3075 me
851 3012 968 3076 laboris
985 3012 1156 3074 maximam

87 3133 210 3204 partem
227 3117 261 3179 in
281 3139 316 3180 se
336 3117 510 3204 reciperet,
534 3134 566 3182 et
591 3118 730 3180 libenter
755 3115 924 3180 devoraret
951 3114 1082 3180 taedium
1109 3132 1159 3179 tot

18 3261 22 3265 ·
87 3223 273 3313 apographa
291 3240 505 3312 excerptaque
518 3223 685 3312 digerendi
704 3211 948 3313 redigendique,
962 3239 1059 3309 atque
1068 3222 1158 3302 judi·

87 3329 191 3393 candi.
219 3330 295 3410 Qua
320 3330 354 3392 in
381 3353 415 3393 re
442 3353 506 3418 qua
528 3332 580 3394 ille
606 3331 656 3393 vel
682 3329 869 3393 dexteritate
895 3331 946 3392 vel
976 3328 1158 3392 eruditione

87 3451 230 3499 versatus
254 3435 313 3516 sit,
331 3458 400 3498 non
419 3458 528 3499 meum
548 3453 596 3500 est
613 3435 739 3515 dicere,
758 3451 789 3498 et
807 3435 930 3522 optime
952 3434 1159 3497 aestimabunt

84 3542 208 3623 judices
225 3541 344 3605 eruditi
360 3565 368 3606 ε
376 3566 450 3630 qua
464 3543 527 3607 fide
541 3561 664 3624 autern,
681 3566 745 3631 qua
758 3542 915 3606 industria
930 3564 967 3605 ac
984 3539 1158 3621 modestia,

83 3671 184 3712 nemo
204 3670 257 3711 me
282 3649 382 3736 magis
409 3649 587 3739 intelligere
609 3664 733 3736 potest,
757 3665 795 3711 ut
816 3649 872 3735 qui
896 3648 1061 3711 universas
1090 3646 1158 3709 illas

88 3754 221 3818 schedas
245 3754 423 3817 etiamnum
446 3756 478 3816 in
504 3755 653 3818 manibus
674 3755 820 3818 habeam.
845 3752 945 3836 Quod
969 3777 1046 3817 vero
1072 3753 1158 3815 idem

88 3861 292 3924 librariorum
306 3860 402 3924 etiarn
422 3861 613 3948 quisquilias
631 3863 664 3923 in
685 3861 853 3924 notatione
867 3860 976 3922 critica
989 3875 1158 3948 congestas

89 3966 274 4048 exhiberet,
302 3967 367 4030 hoc
395 3990 447 4030 me
473 3966 610 4045 iubente
640 3967 848 4046 factumest,
872 3966 1027 4052 quoniam
1054 3964 1157 4052 probe

88 4072 324 4155 intellexeram,
347 4074 381 4136 in
399 4073 580 4138 istiusmodi
597 4088 686 4139 textu
703 4075 767 4137 hoc
786 4072 976 4138 faciundum
998 4094 1066 4136 esse
1085 4070 1158 4135 dili·
