2648 4776
187 366 233 436 30
533 372 581 438 M.
609 372 647 439 Τ.
673 369 919 438 CICERONIS

186 490 340 561 deorum
369 492 542 586 opinione
570 492 776 588 turpissime
798 487 942 560 labitur.
969 488 1136 578 Quatuor
1159 490 1259 561 enim

184 615 347 686 naturas,
365 625 409 672 ex
428 599 563 697 quibus
581 603 703 672 omnia
723 614 888 672 constare
908 601 1002 684 vult,
1019 598 1160 672 divinas
1179 626 1260 673 esse

184 719 347 795 censet¹3
369 736 459 808 quas
480 727 516 781 et
535 713 651 797 nasci,
671 725 708 782 et
728 714 907 808 exstingui
929 715 1161 809 perspicuum
1185 727 1260 797 est,

186 836 222 891 et
240 845 346 892 sensu
370 844 471 891 omm
490 844 622 892 carere.

149 1016 151 1021 ,
234 935 266 1002 N
269 955 310 1025 ec
324 955 413 1000 vero
423 935 656 1027 Protagoras,
670 932 735 1027 qui
749 955 826 1001 sese
845 944 952 1026 negat
967 930 1176 1003 omninode
1190 930 1261 1011 diis

186 1039 336 1126 habere,
359 1038 460 1135 quod
484 1039 638 1136 liqueat,
654 1043 748 1126 sint,
769 1064 844 1110 non
866 1042 956 1126 sint,
977 1039 1148 1137 qualesve
1166 1044 1259 1128 sint,

187 1150 388 1248 quidquam
412 1148 554 1220 videtur
574 1149 619 1221 de
638 1164 767 1221 natura
785 1149 938 1221 deorum
957 1151 1140 1248 suspicari.

237 1257 359 1350 Quid?
381 1260 628 1347 Democritus,
655 1264 720 1357 qui
747 1275 825 1330 tum
849 1262 1037 1357 imagines,
1061 1285 1262 1359 earumque

190 1371 361 1441 circuitus
379 1371 417 1439 in
436 1367 587 1441 deorum
603 1394 759 1441 numero
775 1369 887 1441 relert
897 1380 925 1459 ²,
940 1385 1020 1442 tum
1036 1372 1133 1442 illam
1153 1384 1261 1442 natu-

189 1504 287 1566 ram,
310 1504 392 1576 quae
410 1481 585 1577 imagines
607 1477 795 1551 fundatae
816 1483 955 1565 mittat,
974 1471 1057 1551 tuni
1072 1481 1263 1552 scientiam

190 1590 539 1687 intelligentiamque
556 1603 736 1677 nostram,
759 1615 884 1660 nonne
904 1591 940 1660 in
962 1593 1119 1660 maximo
1137 1614 1263 1662 errore

189 1700 374 1772 versatur?
386 1703 508 1791 Quum
524 1700 617 1770 idem
632 1701 805 1787 omnin0‚
824 1701 909 1797 quia
926 1699 1018 1770 nihil
1034 1724 1178 1799 semper
1192 1724 1263 1772 suo

190 1825 286 1882 statu
310 1824 473 1898 maneat,
496 1824 604 1904 neget
632 1834 709 1882 esse
734 1809 934 1906 quidquam
963 1811 1230 1908 sempiternum
1253 1835 1262 1879 :

190 1945 315 1991 nonne
332 1919 442 1990 deum
459 1921 609 1990 omnino
632 1922 681 1990 ita
699 1918 812 2008 tollit,
832 1933 873 1990 nt
892 1920 1029 1990 nullam
1047 1921 1261 2018 opinionem

191 2032 272 2127 ejus
291 2029 467 2126 reliquam
485 2027 614 2100 faciat?

241 2136 362 2232 Quid?
378 2163 456 2225 aer,
481 2164 556 2236 quo
577 2143 758 2236 Diogenes
775 2139 1021 2237 Apolloniates
1040 2143 1156 2210 utitur
1172 2137 1264 2225 deu,

191 2274 301 2348 quem
322 2274 469 2320 sensum
488 2246 623 2320 habere
640 2262 776 2346 potest,
794 2265 855 2320 aut
869 2273 978 2345 quam
995 2248 1149 2320 sormam
1161 2244 1264 2318 dei³i

140 2377 174 2429 30
238 2368 316 2433 Jam
335 2360 380 2431 de
403 2358 561 2431 Platonis
584 2362 824 2431 inconstantia
850 2359 1001 2456 longum
1028 2373 1083 2430 est
1109 2357 1261 2429 dicere:

190 2472 308 2569 quiin
326 2471 477 2554 Timum,
507 2484 646 2568 patrem
666 2468 774 2566 hujus
796 2467 924 2539 mundi
944 2469 1124 2540 nominari
1148 2480 1262 2564 neget

227 2693 284 2738 ΧΠ.
310 2706 331 2737 t.
355 2691 469 2753 Quutuor
496 2688 558 2736 enim
583 2700 701 2746 naturus,

193 2769 324 2833 exquibus
338 2767 423 2814 omnia
446 2778 562 2816 constare
572 2768 646 2826 vult,
668 2768 705 2815 di-

193 2845 264 2899 Ινῖκαι
278 2857 425 2895 essecensst.
443 2845 599 2910 Empedoclis
608 2856 706 2894 senteu-

194 2929 252 2976 tIsm
267 2926 299 2975 de
313 2925 439 2990 principiis
455 2924 590 2972 luculenter
603 2925 706 2988 exponit

193 3006 435 3068 Ach.Tatins,1ssg.
444 3004 468 3050 iu
480 3003 602 3052 Phaeuom.
609 3022 634 3070 p.
647 3002 706 3061 125,

194 3086 256 3150 qui,
272 3095 335 3133 utet
347 3083 454 3148 Cyrillns
469 3083 494 3131 in
508 3084 599 3132 Julian.
612 3084 707 3143 lib.11‚

194 3181 250 3229 pag.
261 3165 304 3225 67,
319 3162 492 3226 praetermissus
505 3172 541 3209 est
550 3162 580 3209 sb
590 3165 709 3226 interpre-

195 3243 262 3292 tibus
275 3242 306 3290 sd
318 3243 408 3290 Laertii
425 3241 471 3290 lib.
481 3242 556 3300 VIII,
567 3241 582 3306 S
593 3243 634 3301 76.
646 3243 709 3290 Vide

196 3334 222 3371 et
230 3321 387 3370 Plutarchum
398 3320 429 3369 de
437 3320 522 3369 Placit.
535 3321 626 3370 l’liilos.
637 3321 680 3371 lib.
688 3325 709 3374 1.

196 3420 250 3467 usp.
264 3405 287 3450 3.
301 3403 367 3449 Dav.
377 3427 412 3436 —
421 3399 493 3449 Adde
504 3400 595 3448 siobaei
608 3401 707 3465 Eulogg.

196 3482 272 3546 Phys.
282 3480 327 3528 lib.
336 3484 362 3539 1,
375 3496 428 3544 usp.
438 3481 453 3528 3
463 3512 471 3538 ,
481 3496 506 3544 p.
515 3482 549 3528 60
556 3480 594 3530 ed.
604 3484 707 3530 IIeersn.

196 3561 303 3624 indeque
321 3569 375 3606 tene
403 3558 554 3622 potissImuus
579 3557 710 3628 illstts'qss

197 3635 227 3689 dl
236 3634 278 3689 sui
287 3634 320 3687 τὰ
331 3636 437 3700 cruquio
446 3637 519 3695 leone,
533 3653 557 3687 κ.
570 3655 592 3686 τ.
602 3641 624 3688 λ
636 3638 708 3686 Plura

198 3719 319 3782 congessit
333 3716 444 3766 stunlus
461 3717 493 3764 V.
504 3715 532 3763 C.
543 3716 569 3763 in
584 3715 707 3781 Empedo-

199 3797 281 3862 ele,p.
295 3797 343 3844 roe
355 3811 393 3858 sq.
407 3811 433 3859 p.
444 3795 572 3849 214.Mn.

233 3893 259 3924 a.
267 3872 521 3940 Quide’Dsmoen'tus,
533 3873 577 3937 qui
586 3885 634 3921 mm
645 3874 706 3921 ima·

196 3956 282 4022 gisus,
294 3969 428 4017 eurumque
441 3953 556 4000 ciruuitus
569 3952 594 3999 in
606 3954 707 4000 deorsam

198 4051 299 4083 nurnero
311 4031 396 4098 refert,
406 4045 452 4082 etc.
465 4032 583 4094 Imagines
596 4044 664 4080 rorat
675 4033 707 4079 si·

201 4115 304 4162 rnnlscrs
321 4129 351 4160 ex
360 4112 505 4177 corporibus
517 4111 645 4161 effluentis.
658 4114 709 4161 Ire·

749 2704 831 2747 utens,
844 2688 888 2736 lib.
901 2691 939 2746 11,
952 2705 1007 2753 cap.
1024 2705 1055 2752 ¹9
1067 2703 1074 2737 t
1087 2686 1265 2737 «Democritus

750 2769 842 2832 primns
860 2770 908 2826 ait,
921 2769 1009 2817 multas
1025 2786 1054 2816 se
1071 2769 1149 2816 varias
1161 2768 1192 2817 ab
1205 2767 1264 2816 uni·

749 2847 863 2895 versitate
876 2845 966 2911 ligures
977 2863 1101 2913 expressas
1111 2846 1264 2896 descendisse

749 2924 775 2972 in
789 2923 855 2972 hunc
868 2925 1015 2974 mnndum».
1035 2926 1160 2973 Minucius
1172 2927 1261 2974 Octsr.

751 3020 806 3068 esp.
818 3005 1045 3066 19zunemocritus
1057 3038 1064 3052 .
1074 3039 1081 3050 .
1093 3036 1100 3051 .
1118 3020 1202 3052 nonne
1210 3003 1263 3069 pls·

750 3098 853 3146 rumque
866 3095 991 3140 naturum,
1004 3098 1060 3147 quse
1077 3083 1194 3147 imagines
1205 3083 1263 3131 fun·

752 3161 806 3219 det,
818 3172 842 3208 et
851 3161 1034 3226 intelligendam
1042 3161 1115 3210 deum
1125 3163 1264 3227 loquitur?-

752 3240 823 3288 Plnru
836 3240 944 3289 dIcsmus
956 3241 988 3288 sd
999 3241 1100 3302 huiusce
1110 3241 1167 3289 libri
1186 3259 1210 3289 u.
1221 3244 1264 3298 43.

753 3322 835 3368 Lus.

789 3400 813 3447 3.
829 3398 897 3462 Quid
901 3403 914 3446 θ
928 3415 985 3456 uer,
998 3415 1047 3463 quo
1060 3398 1182 3464 Diogenes
1191 3400 1265 3463 Apul·

752 3476 856 3526 loetum
870 3477 1013 3537 otitnrdeu,
1026 3494 1096 3542 quern
1110 3494 1204 3526 sennem
1217 3479 1265 3527 ltu·

753 3561 808 3608 bere
818 3571 914 3623 potest,
928 3572 974 3608 aut
991 3576 1065 3625 quum
1078 3559 1192 3624 firmum
1204 3559 1266 3607 asir

752 3640 810 3688 Non
822 3655 854 3686 ex
866 3638 941 3686 Tullii
959 3638 1040 3688 verbis
1063 3650 1130 3704 petet
1147 3639 1265 3704 quidum

751 3719 846 3766 intersit
868 3718 1014 3766 discriminis
1027 3719 1145 3782 Diogenis
1163 3719 1231 3767 iuter
1242 3729 1266 3765 et

752 3795 910 3846 Anaximeuis
921 3798 1071 3862 opinionem.
1082 3797 1130 3847 Sed
1141 3798 1173 3846 D.
1182 3802 1269 3863 Augu·

751 3877 829 3924 stiuns
841 3875 871 3924 de
883 3877 938 3924 Cir.
947 3876 1007 3935 Dei,
1018 3876 1062 3924 lib.
1072 3876 1150 3936 VIII,
1163 3891 1218 3940 cap.
1234 3890 1263 3933 a,

752 3957 824 4004 refert
836 3957 1011 4003 Anaximeuem
1021 3971 1076 4003 aera
1089 3955 1250 4004 inanimatum
1259 3990 1265 4005 .

753 4037 886 4097 DIogeuem
897 4051 955 4082 reru
968 4050 1022 4082 sera
1035 4034 1209 4097 intelligentem
1217 4052 1267 4082 ere·

753 4113 849 4162 didisse.
