2648 4776
88 387 1096 416 ΜΜΜΜΜΜΜΜΜΜΜΜΜΜΜΜΜΜ
1099 397 1146 417 m

204 541 603 646 FRIDERICI
642 542 1023 678 CREUZERI

110 751 113 756 ’
425 754 804 842 PRAEFATIO.

491 937 729 962 ..ᾤ-...-

76 1051 220 1153 Honuu
237 1086 401 1152 Ciceronis
418 1086 577 1152 librorum
595 1111 668 1176 quae
684 1090 865 1176 prestantia
887 1090 928 1154 sit
948 1094 1147 1181 argumenti·

75 1221 141 1288 que
154 1195 309 1286 gravitas,
320 1206 449 1257 constat
465 1192 551 1258 inter
561 1217 675 1259 omnes
689 1217 697 1257 ε
713 1193 832 1259 eruditi
846 1212 984 1278 norunt,
999 1220 1149 1284 quaenam

76 1300 271 1369 eorumdem
287 1297 451 1385 hodieque
467 1299 510 1363 sit
526 1315 632 1364 textus
648 1298 804 1365 conditio.
822 1303 869 1364 Ac
885 1325 976 1390 paene
995 1302 1151 1390 dixerim,

74 1410 173 1490 hujus
191 1405 367 1493 integritati
383 1405 471 1468 illam
492 1406 596 1493 ipsam
620 1424 652 1472 et
674 1407 862 1495 gravitatem
882 1424 914 1471 et
933 1413 1150 1496 praestantiam

75 1514 235 1579 olfecisse.
253 1511 384 1576 Etenim
400 1511 451 1574 hae
466 1511 602 1576 virtutes
621 1512 656 1576 in
671 1534 765 1576 causa
784 1510 936 1578 ridentur
951 1516 1073 1599 fuisse,
1090 1541 1150 1583 cur

73 1622 109 1686 bi
124 1621 200 1686 libri
215 1618 293 1683 inde
310 1641 329 1682 a
344 1617 458 1706 primis
478 1633 553 1706 post
570 1619 649 1682 Chr.
668 1635 780 1682 natum
801 1620 925 1685 saeculis
943 1620 985 1684 ad
1002 1623 1148 1689 medium

76 1749 182 1814 usque
198 1746 303 1788 aevum
328 1737 509 1786 extremum
526 1723 712 1812 legerentur
730 1745 748 1786 a
764 1723 930 1787 literarum
947 1726 1101 1795 studiosis
1118 1745 1151 1794 et

76 1834 110 1896 iu
129 1829 248 1897 scholis
266 1843 490 1893 tractarentur.
507 1828 603 1893 Unde
621 1830 740 1892 factum
761 1846 825 1910 est,
843 1845 881 1892 ut
896 1829 993 1896 iidem
1010 1835 1150 1901 nimium

76 1954 237 2026 quamum
255 1933 408 2020 descripti
426 1933 521 1998 etiam
542 1935 583 1999 ab
600 1933 757 2012 indoctis,
781 1950 813 1997 et
833 1957 891 2022 per
908 1959 1024 2000 manus
1041 1940 1150 2007 traditi

76 2043 270 2109 saeuorum
281 2040 459 2105 labentium
474 2039 586 2106 sordes
601 2056 634 2104 et
647 2040 707 2128 ipsi
721 2041 887 2127 paullatim
902 2045 1147 2129 contraherent,

77 2149 237 2238 praecipue
268 2169 377 2236 grecae
408 2146 527 2234 linguar
562 2146 695 2210 scientia
728 2169 786 2233 per
817 2146 957 2234 Europae
990 2150 1147 2236 plurimas

76 2271 177 2319 terras
202 2254 383 2318 obscurata.
406 2252 469 2316 Cui
490 2253 576 2316 malo
593 2275 611 2314 a
631 2252 750 2316 renatis
773 2251 871 2315 literis
889 2270 1015 2318 mature
1031 2278 1148 2321 occur·

78 2382 148 2424 rere
170 2357 367 2423 studuerunt
393 2355 523 2420 eruditi.
547 2356 653 2419 Nerno
679 2373 786 2418 tamen
806 2356 929 2419 felicius
950 2360 1073 2424 Joanne
1092 2361 1147 2427 illo

78 2463 230 2545 Darisi03
259 2462 315 2549 qui
349 2459 437 2525 idem
469 2461 672 2550 diligentius,
706 2483 803 2547 quarn
838 2461 975 2525 antehac
1006 2463 1148 2551 factum,

77 2591 196 2658 gmoos
219 2570 324 2632 fontes
349 2566 532 2653 latinosque
554 2565 695 2633 reclusit.
720 2564 835 2652 Neque
858 2580 966 2630 tamen
987 2567 1057 2650 ille,
1085 2593 1147 2640 nec

78 2675 222 2766 magist.
241 2677 281 2739 A.
296 2674 455 2738 Ernestus
471 2695 530 2762 pro
547 2694 586 2737 eo
602 2694 640 2736 ac
657 2670 726 2735 fieri
745 2671 884 2735 debebat
899 2688 995 2760 atque
1011 2674 1072 2763 ipsi
1087 2700 1146 2742 vo·

77 2781 206 2863 lebant,
225 2781 327 2845 textui
341 2779 510 2844 consulere
526 2794 685 2866 poterant.

122 2885 223 2969 Quod
239 2886 347 2973 ipsum
359 2907 463 2972 quurn
480 2883 726 2965 intellexissem,
740 2882 827 2947 idem
841 2883 875 2946 in
889 2883 940 2948 bis
956 2884 1046 2949 libris
1063 2887 1143 2952 mihi

78 2993 266 3058 faciundum
283 2991 409 3081 putavi,
425 2990 514 3078 quod
528 2992 562 3054 in
581 2991 649 3054 aliis
663 3014 768 3078 nuper
784 2990 951 3055 utilissime
974 3015 1011 3055 ac
1028 2992 1145 3060 doctis·

78 3101 158 3162 sime
174 3099 250 3163 fecit
272 3097 459 3177 Goerenaius
476 3120 484 3160 ε
501 3112 539 3160 ut
558 3097 727 3178 uberiora,
745 3119 842 3183 quarn
861 3094 968 3161 adhuc
988 3115 1144 3186 suppete-

76 3221 167 3286 rent,
198 3186 392 3268 emendandi
422 3219 530 3266 textus
566 3201 708 3266 subsidia
739 3200 932 3290 colligerem.
962 3204 1011 3266 Ae
1038 3227 1143 3291 quum

78 3311 246 3374 Davisiana
271 3309 415 3397 exempla
438 3307 589 3372 vidissem
617 3330 777 3371 rarescere
801 3308 835 3371 in
859 3307 908 3371 his
932 3309 1040 3391 terris,
1060 3312 1144 3398 coepi

77 3417 174 3480 etiam
196 3415 336 3503 cogitare
360 3413 402 3477 de
425 3412 600 3500 repetenda
625 3413 773 3477 universa
799 3413 1018 3478 annotationis
1043 3415 1141 3496 silva,

78 3543 176 3608 quam
195 3520 314 3585 Davisii
335 3517 434 3583 editio
459 3534 601 3582 extrema
623 3518 738 3598 habet3
764 3518 909 3604 itemque
933 3517 974 3584 de
996 3521 1145 3609 erigenda

77 3628 243 3692 notatione
258 3627 405 3690 locorum
421 3648 460 3689 ex
475 3626 646 3712 utriusque
663 3625 781 3713 lingum
799 3623 1010 3710 scriptoribus
1032 3648 1139 3692 excer·
1244 3702 1248 3710 ,

77 3748 225 3821 ptorum,
238 3731 438 3821 quiquidem
450 3729 492 3796 ad
508 3731 808 3820 interpretationem
824 3730 928 3794 facere
944 3731 1144 3799 viderentur.

120 3840 234 3926 Itaque
252 3836 372 3926 duplex
393 3853 505 3900 natum
525 3835 697 3900 consilium
717 3835 812 3916 mibi,
834 3836 971 3898 alterurn
992 3837 1145 3903 ernenda-

79 3946 175 4010 tionis
194 3943 495 4032 :interpretationis
518 3944 665 4007 alterum.
689 3943 728 4006 In
750 3957 891 4029 utroque
913 3957 1022 4006 tamen
1043 3947 1149 4009 conti·

79 4049 225 4116 nendum
247 4072 301 4116 rue
318 4048 414 4136 duxi,
435 4065 469 4114 et
494 4048 586 4135 quasi
608 4046 841 4114 cohibendum.
865 4046 1016 4135 Namque
1036 4049 1072 4114 in
1087 4051 1151 4115 hoc

989 4192 1024 4235 a.
