2648 4776
301 398 496 467 TABULA
522 399 939 469 CHRONOLOGICA.
1056 426 1155 471 xxvia

97 528 163 581 AEna
179 542 256 579 enan.
1029 530 1061 580 A.
1075 524 1106 582 C.
1119 530 1154 583 Ν.

249 616 385 694 pmximo
398 633 489 691 quum
504 615 550 673 lex
563 612 703 693 abrogata
714 616 828 686 suisset,
843 616 1015 693 Theophra-

251 725 314 772 stus
337 713 367 769 in
390 716 520 788 Lyceum
540 710 649 783 redux,
675 710 719 769 ibi
737 712 887 789 praeluisse
911 712 1017 771 dicitur

251 809 288 868 ad
306 827 414 867 annum
435 827 503 887 297,
524 828 615 886 quum
636 822 769 869 mortuns
786 822 844 878 est,
860 823 945 867 natus
963 829 1015 867 an-

248 926 302 965 nos
316 925 423 963 cxxxv.

190 1050 195 1060 .
286 1007 380 1075 Zeno,
395 1001 560 1061 Stoicorum
575 1001 1017 1081 princeps,complureshabuit
1059 1005 1125 1080 3¹9·
1241 1052 1244 1057 .

249 1101 402 1179 magistros
415 1100 502 1158 variae
516 1098 665 1158 doctrine.
682 1099 901 1178 Philosophiam
917 1100 1016 1159 docuit

246 1217 301 1275 per
313 1215 405 1255 annos
418 1216 511 1267 amaa,
524 1195 598 1255 obiit
611 1216 677 1254 ann.
691 1196 758 1273 319.

191 1341 196 1351 .
289 1294 446 1371 Epicurus,
468 1291 603 1351 conditor
624 1305 710 1351 secte
729 1293 909 1363 clarissimae,
931 1305 1017 1351 natus
1059 1295 1123 1349 301.

248 1404 291 1449 est
314 1409 392 1448 anno
416 1405 489 1462 2413
509 1389 633 1448 decessit
653 1408 730 1449 anno
752 1391 818 1447 312.
842 1392 933 1447 Natus
954 1402 1016 1447 erat

249 1505 340 1544 annos
356 1506 488 1555 xxxvrn,
503 1505 594 1563 quum
607 1486 737 1545 scholam
753 1486 875 1563 apernit.
892 1489 1015 1544 Succes-

248 1601 329 1640 sores
349 1579 468 1652 habuit,
492 1581 623 1659 quinque
645 1582 708 1639 aliis
728 1580 902 1658 interjectis,
923 1585 1016 1638 Zeno-

248 1696 315 1737 nem
332 1677 501 1750 Sidoninm,
523 1691 552 1734 et
564 1676 734 1749 Phaedrum,
752 1696 826 1754 quos
842 1678 944 1735 Cicero
964 1697 1017 1734 atr-

249 1774 353 1833 dierat.

135 1894 140 1907 ·
188 1916 194 1929 .
288 1870 474 1942 Theodorus,
490 1872 540 1947 qui
561 1871 633 1929 deos
653 1890 715 1929 esse
733 1870 873 1948 negabat:
891 1890 958 1927 eum
972 1869 1016 1927 his
1057 1871 1124 1945 ²95·

248 1966 429 2045 temporibus
441 1966 564 2039 addico,
583 1967 653 2044 qnia
669 1979 783 2024 constat
799 1964 1015 2042 eum,jubentc

247 2064 403 2121 Ptolemaeo
422 2062 494 2139 Lagi
513 2063 587 2134 lilio,
609 2063 720 2120 venisse
744 2062 779 2119 ad
801 2061 1018 2136 Lysimachum,

250 2159 303 2237 qui
317 2173 385 2217 tttnc
397 2158 548 2235 regnabat.

172 2277 198 2327 7.
289 2259 402 2327 Strato,
416 2254 573 2333 discipulus
591 2268 620 2312 et
640 2275 789 2314 successor
803 2255 1013 2333 Theophrasti,
1056 2256 1124 2312 283.

250 2352 338 2429 Lycei
359 2352 554 2430 principatum
573 2352 702 2410 obtinuit
722 2372 800 2410 anno
819 2371 886 2427 297,
904 2365 933 2409 et
949 2353 1019 2409 reti-

248 2449 312 2506 nuit
324 2468 379 2525 per
392 2467 483 2505 annos
494 2440 580 2506 auru.

193 2590 199 2601 .
293 2544 439 2602 Arcesilas
454 2544 582 2623 primum
603 2542 761 2620 discipulus
773 2541 980 2620 Theophrasti,
994 2554 1023 2601 et
1065 2544 1131 2601 281.

251 2653 352 2719 postea
369 2642 552 2711 Polemonis,
566 2641 617 2718 qui
628 2645 823 2699 Xenocratem
835 2638 973 2697 audierat.
992 2643 1020 2697 Is

252 2737 407 2796 secundam
422 2735 607 2795 Academiam
621 2735 761 2794 condidit.
776 2741 869 2795 Natus
883 2748 925 2793 est
944 2753 1020 2793 anno

250 2835 319 2906 267,
341 2832 463 2893 decessit
477 2853 554 2891 anno
570 2834 637 2900 342.

138 2934 198 3009 3¹9·
291 2930 460 2999 Cleanthes,
474 2931 585 3009 primus
599 2930 650 3007 qui
667 2942 733 3007 post
750 2934 912 2998 Zenonem,
932 2950 1016 3007 quem
1060 2932 1127 2987 262.

251 3016 394 3085 habuerat
403 3028 585 3104 magistrum,
596 3026 762 3085 Stoicorum
774 3025 881 3083 scholae
892 3027 1017 3104 prefuit:

252 3123 325 3182 obiit
337 3137 422 3183 natus
434 3144 526 3183 annos
536 3144 616 3182 xcix.

137 3223 198 3279 323.
289 3225 423 3292 Perseus,
439 3220 600 3298 discipulus
615 3220 747 3277 Zenonis.
1060 3220 1124 3276 258.

138 3316 199 3375 336.
291 3316 408 3376 Ariston
425 3315 534 3389 Chius,
553 3316 678 3394 primum
699 3314 857 3392 discipulus
877 3317 1016 3385 Zenonis,
1059 3317 1126 3383 245.

250 3432 337 3490 quern
348 3412 485 3485 deseruit,
495 3426 528 3471 ut
536 3414 721 3471 Polemonem
730 3424 899 3489 sequeretur
907 3432 914 3467 ε
922 3411 1021 3469 condi·

252 3524 297 3568 tor
311 3509 367 3568 fuit
379 3523 463 3569 sectae
476 3530 541 3587 qnae
557 3530 615 3567 non
630 3508 681 3568 diu
699 3507 811 3566 mansit.

139 3606 199 3664 350.
291 3605 488 3685 Chrysippus,
502 3606 662 3684 discipulus
673 3603 831 3675 Cleanthis,
841 3617 972 3663 mortuus
983 3604 1019 3662 ad
1062 3609 1127 3663 231.

255 3722 363 3761 annum
377 3703 451 3775 376,
462 3716 546 3761 natus
563 3721 654 3760 annos
669 3721 769 3759 axam.

138 3799 199 3857 tto·
292 3799 439 3876 Diogenes
449 3798 623 3880 babylonius
633 3797 921 3876 Stoicus,discipulus
930 3797 1025 3873 Chry·
1066 3818 1130 3856 rur.

250 3884 345 3972 sippi,
384 3897 494 3975 legatus
518 3895 758 3963 Atheniensium,
794 3894 871 3951 venit
901 3897 1023 3951 Romana

252 4012 319 4050 rum
334 3992 490 4052 Carneade.
508 3992 643 4069 Magister
658 3992 709 4049 suit
725 3992 881 4069 Antipatri,
902 3992 952 4068 qui
968 4012 1021 4049 au-
