2648 4776
36 406 54 445 ⁸
148 422 233 471 xxvi
343 398 550 467 TABULA
574 397 1020 468 CHRONOLOGICA.

146 523 221 579 AEu
231 538 308 575 rara.
1082 525 1117 577 A.
1132 526 1165 578 C.
1181 526 1217 579 N.

190 616 253 673 185.
343 615 524 692 Aristippus,
550 614 711 692 discipulus
735 614 883 684 Socratis,
906 627 990 673 natus
1015 629 1079 673 crat
1121 619 1188 694 396.

310 712 449 788 Cyrenis,
471 709 523 767 ubi
548 724 656 767 sectam
680 709 907 787 condidit,l1uae
932 711 1010 770 dicta
1035 724 1079 769 est

311 807 481 884 Cyrenaica.

246 948 252 959 .
342 902 539 975 Antisthenes,
557 901 717 981 discipulus
729 905 869 972 Socratis,
884 902 1018 961 condidit
1028 923 1076 963 se-
1119 908 1187 982 39¹·

303 1014 379 1059 ctam
391 1000 584 1076 Cynicorum,
597 1020 662 1077 quaa
676 1020 738 1058 sese
754 1001 859 1059 Stoicis
872 1001 1038 1059 immiscuit.

247 1140 254 1154 .
344 1098 440 1169 Plato,
458 1097 643 1156 doctissimus
663 1098 741 1156 iuter
760 1100 888 1156 Socratis
908 1098 1080 1175 discipulos,
1124 1102 1190 1157 381.

305 1206 447 1252 natusest
461 1214 537 1253 anno
556 1196 610 1253 155
629 1216 691 1253 erte
711 1195 934 1274 philosophicae,
956 1195 1078 1254 decessit

311 1309 388 1349 anno
413 1294 480 1350 236.
500 1292 679 1369 vigesimum
701 1313 808 1351 annum
838 1292 956 1370 agebat,
987 1312 1077 1369 quum

307 1392 458 1447 Socratem
482 1387 584 1446 audire
607 1390 713 1466 coepit:
736 1392 777 1447 ita
792 1410 858 1447 eum
877 1408 938 1446 non
956 1389 1077 1466 amplius

307 1503 393 1561 quam
408 1498 474 1542 octo
489 1505 580 1542 aniius
597 1485 719 1543 audivit.
734 1492 833 1557 Quum
847 1486 971 1543 Athenis
985 1485 1078 1562 philo

305 1579 425 1657 sophari
451 1580 557 1637 soleret
580 1581 612 1639 in
635 1579 810 1651 Academia,
836 1593 993 1639 sectatores
1017 1580 1079 1657 cjus

305 1676 470 1734 Academici
487 1697 593 1735 nomeu
607 1679 800 1735 retinuerunt.

247 1816 253 1829 .
344 1773 488 1849 Diogenes
515 1775 662 1851 Cynicus,
692 1773 852 1850 discipulus
881 1773 1080 1843 Antisthenis,
1122 1774 1189 1844 ³7¹·

307 1881 391 1927 nattis
405 1883 449 1928 ost
462 1890 508 1928 an.
524 1874 598 1947 169,
613 1885 643 1929 et
659 1884 791 1929 mortuus
804 1884 847 1928 est
861 1890 938 1928 anno
951 1873 1018 1945 259.

251 2011 257 2024 .
345 1968 543 2045 Speusippus,
573 1967 733 2045 discipulus
763 1980 793 2023 et
820 1986 912 2044 nepos
940 1968 1079 2038 Platonis,
1122 1968 1188 2034 346.

312 2064 456 2122 avunculo
471 2063 624 2136 desumto,
640 2063 800 2122 Academiae
816 2065 1011 2141 principatum
1026 2084 1079 2141 per

309 2174 378 2220 octo
389 2180 480 2218 annos
491 2160 634 2231 obtinuit,
645 2174 674 2220 et
686 2181 768 2232 cum,
781 2161 891 2238 aliquot
905 2179 1016 2218 meuses
1027 2180 1079 2217 au-

312 2271 428 2335 tequam
443 2271 614 2328 morcrctur,
630 2258 785 2315 transmisit
799 2258 966 2317 Xenocrati.

252 2402 258 2415 .
348 2357 542 2426 Xenocrates,
555 2353 714 2431 discipulus
725 2355 862 2423 PlatoniS,
874 2354 1037 2430 Speusippo
1049 2352 1078 2408 in
1121 2354 1187 2423 337.

314 2450 472 2508 Academia
498 2450 656 2521 successit,
686 2462 715 2508 et
737 2448 952 2526 philosophiam
981 2446 1079 2504 docuit

310 2564 400 2603 aniios
411 2545 464 2603 25:
479 2558 564 2603 natus
578 2559 641 2603 erat
653 2564 700 2603 an.
715 2546 785 2615 186,
801 2542 875 2601 obiit
889 2563 936 2604 an.
951 2544 1018 2613 267.

250 2689 257 2702 .
345 2643 531 2714 AristoteleS,
549 2656 633 2701 natus
652 2661 730 2700 anuo
748 2662 820 2718 199,
843 2640 972 2699 Platonis
989 2639 1076 2695 disci-
1124 2639 1188 2697 333.

312 2738 418 2815 plinam
441 2739 592 2816 amplexus
610 2751 657 2796 est
675 2750 761 2795 natus
783 2757 875 2796 anuos
894 2750 961 2794 octo
980 2748 1008 2794 et
1024 2735 1078 2793 de-

216 2910 219 2917 ·
309 2854 388 2906 cem3
403 2854 466 2893 eam
481 2837 571 2895 coluit
584 2855 674 2894 annos
685 2835 798 2911 viginti.
812 2840 845 2891 ln
861 2837 956 2909 Lyceo
972 2833 1077 2890 docere

311 2932 400 3010 coepit
413 2953 489 2991 auno
502 2935 574 3004 2483
592 2953 669 2990 anno
682 2933 736 2989 261
751 2930 917 2991 Chalcidem
935 2930 1080 3008 profugit,
1108 2946 1112 2953 ·

311 3042 340 3086 et
362 3026 404 3087 ihi
422 3029 500 3088 diem
515 3028 589 3088 obiit
602 3048 771 3108 supremum
788 3047 879 3085 annos
892 3040 977 3085 natus
992 3048 1077 3083 axau.

311 3124 369 3197 Qui
388 3138 455 3183 sunt
473 3146 510 3183 cx
522 3126 687 3183 Aristotelis
702 3125 854 3202 disciplina
870 3137 1011 3181 vocantur
1021 3128 1077 3180 Pe-

309 3221 462 3299 ripatetici.

253 3362 260 3377 .
351 3318 536 3389 Heraclides,
551 3319 710 3398 discipulus
723 3320 868 3391 Platonis,
891 3321 914 3376 si
929 3317 1078 3388 Ciceroni;
1121 3318 1187 3374 331.

310 3525 423 3580 autem,
442 3525 475 3571 ut
494 3513 557 3571 vult
575 3527 678 3571 auctor
698 3512 817 3591 quidam
837 3533 855 3570 a
875 3512 993 3569 Laertio
1016 3512 1080 3569 lau-

311 3613 406 3672 datus.

252 3757 258 3770 .
351 3710 580 3787 Theophrastus,
597 3709 756 3787 discipulus
769 3707 941 3780 Aristotelis,
958 3707 1004 3766 cui
1021 3709 1083 3786 pri-
1123 3710 1189 3765 320.

308 3826 374 3865 mua
392 3809 423 3866 iu
443 3813 540 3885 Lyceo
559 3807 696 3867 successit
715 3830 723 3865 ε
745 3806 963 3885 philosophiam
982 3804 1083 3863 docuit

311 3924 403 3981 usque
418 3904 455 3963 ad
467 3925 574 3963 annum
590 3904 657 3978 27⁸,
668 3924 759 3982 quum
772 3906 835 3983 lege
849 3916 964 3962 cautum
978 3914 1031 3975 est,
1044 3922 1080 3959 ne

309 4001 476 4082 philosophi
486 4003 608 4063 Athenis
626 4002 738 4062 scholas
757 4000 909 4061 haberent.
929 4000 985 4060 Sed
1007 4019 1082 4058 anno
