2648 4776
192 375 254 443 DE
279 373 464 444 NATURA
490 372 709 456 DEORUM,
734 375 868 444 LIBER
890 380 926 466 1,
954 375 987 447 ὅ.
1035 367 1041 378 ’
1088 381 1131 450 ι3

64 493 167 567 bendi
189 493 309 566 studia
333 493 628 565 commoverim².
656 495 872 592 Complures
890 503 985 570 enim
1009 508 1132 600 graecis

62 602 349 677 institutionibus
368 603 517 703 eruditi,
537 628 596 689 ea,
616 628 698 700 quae
714 604 931 697 didicerant,
949 632 1030 681 cum
1046 614 1131 684 civi-

59 714 127 786 bus
146 715 221 785 suis
240 716 511 785 communicare
531 738 606 784 non
626 729 814 811 poterant,
836 718 937 815 quod
954 721 1031 808 illa,
1054 749 1136 821 qum

59 828 223 897 aGraecis
236 826 478 923 accepissent,
494 824 603 895 latine
618 825 688 897 dici
704 851 810 923 posse
824 826 1042 904 diffiderent.
1051 837 1135 923 Quo

59 938 94 1006 in
110 924 247 1033 gene're
264 949 407 1006 tantum
429 931 625 1032 profecisse
643 935 826 1024 videmur,
842 953 883 1009 ut
903 965 922 1010 a
941 944 1074 1014 Graecis
1088 970 1135 1016 ne

57 1045 254 1118 verborum
276 1043 425 1142 quidem
441 1045 545 1142 copia
567 1043 831 1117 viuceremur³.
855 1051 1005 1123 Hortata
1027 1056 1135 1125 etiam

58 1170 131 1245 cst,
146 1169 189 1227 ut
208 1153 331 1226 moad
353 1153 431 1225 haec
450 1153 677 1244 conferrem,
699 1159 809 1227 animi
826 1160 1038 1256 agritudol,
1059 1162 1136 1235 for·

57 1281 156 1339 tnnae
172 1289 303 1363 magna
319 1278 356 1336 et
374 1266 472 1363 gravi
487 1279 670 1337 commota
686 1266 829 1362 injuria.
845 1269 958 1364 Cujus
976 1273 1006 1343 si
1023 1275 1137 1368 majo·

57 1401 134 1449 rem
160 1376 321 1474 aliquam
343 1376 560 1447 levationem
584 1377 746 1473 reperire
764 1379 986 1475 potuissem,
1002 1406 1077 1452 non
1093 1383 1139 1458 acl

58 1487 155 1560 hauc
171 1487 403 1585 potissimum
425 1483 680 1583 confugissem.
696 1489 745 1557 Ea
764 1511 851 1559 vero
871 1489 951 1587 ipsa
968 1492 1068 1562 nulla
1085 1518 1141 1564 ra·

58 1598 160 1669 tione
179 1595 310 1668 melius
331 1593 403 1666 frui
430 1599 554 1693 potui,
583 1619 695 1691 quam
722 1596 753 1666 si
774 1620 833 1668 me
857 1624 931 1670 non
955 1602 1068 1674 modo
1095 1604 1141 1676 ad

58 1706 234 1807 legendos
263 1705 398 1793 libros,
427 1704 489 1776 sed
519 1706 625 1778 etiam
657 1705 702 1777 ad
728 1720 841 1778 totam
870 1709 1139 1813 philosophiam

60 1816 355 1918 pertractandam
381 1815 567 1888 dedissem.
595 1822 732 1887 Omnes
752 1831 873 1891 autem
897 1821 975 1916 ejus
997 1839 1138 1920 partes,

60 1944 172 2029 atque
186 1928 311 2001 omnia
326 1923 489 1998 membra
508 1940 586 1998 tum
603 1925 773 1998 facillime
787 1945 1005 2019 noscuntur,
1022 1958 1139 2029 quum

62 2032 148 2113 'totae
164 2043 384 2138 quaestiones
403 2035 598 2108 scribendo
618 2035 855 2134 explicantur.
878 2045 940 2111 Est
961 2043 1056 2112 enim
1079 2042 1139 2113 ad·

61 2148 239 2222 mirabilis
265 2146 429 2246 quadam
454 2147 700 2230 continuatio,
728 2149 911 2245 seriesque
933 2177 1074 2239 rerum,
1098 2169 1140 2226 ut
1236 2199 1242 2208 ,

62 2261 128 2334 alia
144 2286 191 2333 ex
210 2259 278 2331 alia
292 2282 400 2345 nexa,
418 2271 454 2329 et
473 2280 602 2359 ornnes
615 2258 711 2329 inter
727 2282 764 2329 se
783 2272 876 2356 aptae
891 2261 1140 2360 colligataeque

62 2370 268 2443 videantur.

75 2480 78 2487 '
109 2485 154 2553 V.
185 2484 258 2572 Qui
278 2495 400 2551 autem
418 2479 631 2576 requirunt,
659 2478 747 2576 quid
770 2503 918 2578 quaque
942 2481 988 2555 de
1010 2508 1050 2556 re
1070 2488 1138 2583 ipsi
1161 2552 1192 2587 ω

62 2595 280 2681 sentiamus,
306 2582 547 2662 curiosius'id
572 2588 730 2677 faciunt,
762 2615 873 2687 quam
896 2617 1044 2666 necesse
1072 2610 1137 2668 est.

64 2706 147 2776 Non
170 2703 269 2774 enim
296 2715 369 2771 tam
392 2701 616 2772 auctoritatis
633 2701 671 2771 in
692 2701 929 2799 disputando,
945 2729 1055 2803 quam
1081 2732 1140 2779 ra-

65 2813 176 2884 tionis
202 2825 388 2883 momenta
411 2809 608 2907 quaerenda
628 2825 714 2882 sunt
728 2821 752 2881 ¹.
777 2815 877 2901 Quin
901 2816 1008 2886 etiam
1032 2815 1139 2889 obest

67 2923 285 3020 plerumque
302 2922 365 3007 iis,
382 2923 445 3018 qui
465 2918 603 2992 discere
616 2920 764 3007 volunt,
780 2927 975 2996 auctoritas
992 2951 1139 3014 corum,

66 3037 128 3133 qui
146 3057 185 3105 se
200 3031 331 3104 docere
350 3029 578 3130 profitentur.
597 3033 780 3105 Desinunt
795 3036 891 3104 enim
911 3060 1016 3107 suum
1040 3037 1140 3132 judi-

1153 1113 1170 1163 9
1276 1136 1279 1142 .

102 3194 127 3227 ι.
141 3175 424 3227 connominatus·
435 3174 581 3224 scilicetho·
625 3177 682 3224 tatia
700 3187 802 3235 natum,
821 3187 849 3225 ut
870 3177 931 3227 falso
951 3190 1039 3244 putant
1060 3183 1139 3231 Aldus

67 3259 143 3306 mines
163 3257 268 3312 latinos,
283 3272 336 3304 uon
348 3255 424 3304 inodo
438 3255 470 3304 nd
483 3255 580 3303 discen·
623 3257 710 3320 Nepos
727 3267 752 3303 et
766 3258 851 3305 Petrus
869 3257 1069 3322 Lacaloperius3
1087 3278 1140 3310 eam
1247 3298 1250 3304 ,

68 3338 122 3387 dm
137 3335 331 3402 philosophiam,
342 3335 385 3384 ted
397 3335 468 3382 etiam
482 3335 515 3383 ad
529 3349 581 3382 eam
624 3335 690 3382 enim
703 3351 798 3383 causam
809 3352 882 3400 supra
889 3349 1047 3397 memorarat,
1063 3356 1139 3402 quum

67 3418 141 3466 literis
156 3414 344 3481 applicandum,
357 3414 482 3479 impulisse
493 3416 581 3465 Cicero
626 3412 674 3473 ait,
685 3414 719 3462 -is
727 3416 790 3463 dact
799 3415 859 3480 reip.
868 3425 957 3473 statur,
968 3428 995 3464 nt
1006 3433 1058 3465 enm
1070 3421 1141 3470 unius

67 3495 104 3544 his
115 3494 199 3544 verbis
208 3493 324 3543 dedam.
333 3494 428 3542 Wnr.
626 3493 730 3541 consilio
743 3504 817 3559 atque
828 3511 885 3543 cura
899 3495 1028 3560 gubernari
1043 3516 1140 3550 necesse

103 3576 131 3624 3,
144 3575 201 3638 Quo
215 3572 240 3620 in
252 3588 343 3637 genere
417 3571 581 3620 vinceremur.
626 3584 717 3622 essetn.
727 3573 791 3622 Vult
803 3573 929 3637 dolorem,
939 3591 1011 3640 quem
1028 3595 1059 3626 ex
1068 3596 1140 3629 mor·

68 3657 126 3705 linc
144 3653 222 3718 magis
238 3652 344 3717 gloriose
360 3666 434 3716 qnam
447 3667 505 3699 vere
519 3651 583 3700 dixit
627 3662 651 3699 tn
664 3653 752 3701 Tnlliae
764 3669 815 3703 ruo
828 3655 997 3718 gravissimum
1014 3661 1139 3724 concepit.

67 3735 155 3786 Cicero
173 3748 181 3780 t
199 3733 258 3780 item
272 3730 390 3795 gloriatus
408 3740 445 3779 est
461 3730 545 3779 endem
556 3748 582 3781 rs
626 3735 760 3797 Utramque
769 3734 888 3783 rationem
897 3737 1048 3797 conjunctim
1058 3756 1140 3788 receu-

68 3815 246 3877 l'use.Qnoe¹t.
257 3810 302 3860 lib.
313 3813 340 3869 1,
351 3826 404 3875 cap.
417 3810 526 3870 sarith.
537 3812 589 3871 lv,
625 3824 663 3861 aet
674 3813 750 3862 Acad.
762 3815 789 3873 1,
801 3815 827 3863 3.
838 3816 901 3864 Dav.
1100 3809 1104 3818 ⁸

68 3909 121 3960 cap.
137 3894 186 3954 15,
202 3903 226 3940 et
238 3890 292 3941 aliis
303 3891 327 3938 in
343 3890 412 3939 locis.
661 3892 693 3939 V.
707 3906 729 3940 1.
746 3892 802 3940 Non
815 3892 878 3941 enim
892 3905 942 3942 tam
961 3896 1140 3949 auctoritatis...

103 3982 127 4031 Α,
133 3970 228 4021 'Animi
239 3969 368 4036 aegritudo,
370 3967 482 4033 sortunoe
491 3985 581 4036 magna
627 3971 763 4036 quoerenda
772 3985 836 4020 suut.
849 3977 967 4023 Auctom
977 3979 1140 4042 scriptumest

69 4064 92 4101 et
103 4051 180 4118 gravi
192 4048 312 4100 commota
324 4047 425 4112 injuria.
441 4048 582 4098 Nonintel·
627 4049 654 4096 in
672 4050 775 4114 antiqno
789 4067 835 4115 pro
848 4051 1008 4101 atectoritatir.
1024 4058 1087 4104 Urs.
1106 4055 1142 4096 -“

69 4134 120 4198 ligit
133 4148 265 4183 nroerorern
278 4146 308 4179 ox
325 4128 397 4178 obitu
410 4127 496 4193 patria
510 4127 582 4177 libcr-
630 4134 748 4177 Auctor-es
759 4130 876 4180 exhibent
890 4133 959 4181 multi
971 4134 1029 4184 edit.
1042 4135 1109 4187 libri.
