2648 4776
432 397 769 493 incursurum.
1117 395 1136 465 5

105 519 177 588 deo,
203 539 240 577 an
263 516 299 574 de
320 516 552 596 hippocentauro
575 516 755 596 disputetur,
780 519 943 594 meritoque
964 518 1004 576 dii
1027 519 1063 576 ad
1089 539 1158 577 eas·

104 614 348 674 conformationes
365 614 454 672 animi
473 613 653 688 referuntur,
667 633 741 692 quos
753 626 849 672 motus
863 614 964 673 inanes
978 615 1136 694 appellant.

105 712 193 787 Quod
209 712 233 770 si
253 709 425 788 imaginibus
443 711 565 769 deorum
581 711 737 789 pulsantur
753 711 860 783 animi,
880 730 1055 789 quamquam
1075 725 1136 771 tota

106 828 151 868 res
167 808 321 888 nugatoria
333 821 391 880 cst3
414 820 510 866 tumen
528 808 639 887 specics
658 807 809 867 dumtaxat
824 804 1002 886 objiciuntur
1020 809 1138 882 animis,

105 927 162 964 non
179 919 275 965 autem
288 925 341 964 cur
357 925 398 963 eae
408 904 500 963 beatae
515 905 591 977 sint,
606 919 656 964 aut
668 917 801 977 aeternae,
811 906 865 964 etsi
877 906 924 964 vel
936 906 1059 964 maxime
1072 926 1138 963 con·

109 1005 244 1068 tinenter.
254 1005 394 1062 serantur.
416 1008 490 1062 Nam
509 1003 558 1061 illa
575 1013 705 1085 ἰσονομία,
717 1004 746 1061 h.
759 1025 786 1062 e.
802 1002 991 1081 aequilibritas
1002 1004 1139 1083 Epicuri,

108 1122 180 1180 qua,
202 1101 270 1180 qnia
298 1113 403 1160 natura
421 1100 555 1175 mortalis
565 1099 621 1172 sit,
646 1115 677 1160 ut
692 1101 780 1160 etiam
798 1100 970 1160 immortalis
987 1101 1039 1174 sit,
1062 1101 1138 1159 effici

105 1211 208 1276 putat,
224 1196 406 1276 perabsurda
419 1211 475 1271 est,
498 1197 578 1276 quod
602 1216 636 1255 ea
659 1210 789 1276 sumpta,
813 1196 916 1256 eodem
936 1196 1025 1256 modo
1040 1197 1137 1276 colligi

107 1307 222 1374 potest,
238 1296 307 1374 quia
327 1295 461 1355 homines
479 1296 509 1353 in
525 1307 603 1354 terra
616 1306 786 1369 nascuntur,
797 1296 882 1354 etiam
897 1296 927 1354 in
947 1316 1022 1374 aqua
1042 1295 1138 1367 nesci,

106 1407 135 1452 et
154 1392 324 1471 hujusmodi
343 1391 472 1452 absurda
487 1393 582 1471 plura.
600 1398 705 1453 Beatus
719 1406 816 1453 autern
832 1413 923 1472 quum
947 1394 1008 1452 siue
1030 1394 1138 1451 virtute

106 1511 193 1551 nemo
206 1511 267 1551 csse
279 1474 383 1569 possit,
395 1492 475 1550 nulla
488 1504 585 1550 autem
600 1491 662 1549 sine
675 1491 790 1550 actione
802 1491 915 1559 virtus,
928 1510 983 1549 nec
996 1491 1082 1550 otiosi
1096 1491 1139 1549 illi

105 1589 147 1648 dii
163 1608 225 1648 esse
241 1602 364 1669 possunt
378 1587 466 1647 beati.
483 1592 585 1666 Neque
601 1609 671 1647 vero
689 1588 838 1666 voluptate
851 1607 993 1666 corporea
1011 1589 1054 1646 uti
1067 1607 1138 1667 pos-

108 1700 190 1759 sunt,
203 1686 235 1745 in
252 1706 309 1765 qua
323 1705 468 1745 summum
485 1682 596 1744 bonum
618 1685 761 1765 Epicurus
779 1685 879 1764 ponit,
895 1704 991 1763 neque
1006 1705 1065 1744 nna
1082 1685 1134 1743 do-

104 1783 176 1842 loris
189 1783 319 1842 vacuitas
333 1794 384 1841 aut
397 1781 512 1842 assidua
529 1782 672 1841 felicitatis
686 1803 745 1841 sum
758 1782 897 1860 cogitatio
913 1781 1017 1841 beatos
1033 1802 1083 1840 eos
1099 1784 1140 1840 cf-

103 1883 190 1941 ficere
204 1893 310 1959 potest.
319 1886 356 1941 Et
366 1901 457 1960 quum
472 1901 587 1960 semper
602 1882 757 1961 pulsentur
770 1881 937 1941 incursione
954 1895 1118 1941 atomorum
1131 1930 1139 1952 ,

103 1991 133 2036 et
144 1978 287 2057 imagines
299 1998 336 2036 ex
346 1978 416 2056 ipsis
431 1997 546 2057 semper
558 1978 692 2052 effluant,
704 1998 764 2037 nou
779 1991 903 2057 possunt
914 1997 974 2037 non
989 1978 1138 2037 interitum

103 2077 225 2145 timere,
236 2073 317 2154 quod
330 2073 504 2134 beatitudini
520 2075 607 2156 plane
620 2088 784 2154 repugnat,
801 2095 865 2154 cap.
879 2078 979 2148 37-41.
992 2077 1137 2149 Quoniam

104 2191 177 2230 vero
189 2170 299 2230 otiosos
313 2170 384 2230 deos
397 2170 587 2232 introducunt
598 2173 752 2252 Epicurei,
765 2174 873 2231 nullum
887 2192 984 2232 rerum
999 2172 1139 2231 humana·

104 2288 171 2327 rum
184 2288 285 2328 curam
298 2266 453 2342 habentes,
466 2269 539 2328 nihil
554 2268 687 2367 pomines
699 2268 854 2346 juvantes3
875 2289 991 2329 omnem
1004 2269 1140 2328 sanctita-

105 2377 211 2424 temet
228 2363 367 2424 adversus
384 2364 455 2425 deos
476 2365 629 2444 pietatem,
642 2385 817 2445 quamquam
833 2365 930 2426 verbis
944 2379 1075 2444 ponunt,
1093 2379 1138 2424 ta-

107 2481 175 2520 men
187 2481 221 2521 re
235 2461 359 2535 tollunt,
377 2481 441 2540 esp.
457 2471 494 2531 la
503 2506 511 2534 ,
519 2450 590 2541 sqq.
