2648 4776
194 383 240 451 ab
538 384 585 452 M.
611 385 650 450 Τ.
676 385 916 453 CICERONIS

194 506 244 574 dii
264 517 419 602 possunt
444 527 520 576 esse
545 506 622 576 sine
648 529 757 576 sensu
779 520 816 575 et
843 517 963 590 motu,
984 529 1050 577 cur
1074 532 1176 603 aquae
1200 509 1265 579 ad·

192 616 351 709 junxitv,
367 617 396 684 si
414 615 490 711 ipsa
506 638 610 686 mens
622 629 788 686 constare
806 629 926 711 potest
943 639 1072 685 vacans
1090 621 1276 714 corporei*

241 723 502 796 Anaximandri
522 739 644 796 autern
664 726 788 823 opinio
807 739 882 809 est,
903 726 1044 796 nativos
1065 750 1142 798 esse
1160 725 1267 814 deos,

194 835 312 933 longis
330 834 524 907 intervallis
539 836 716 920 orientes,
738 836 1036 932 occidentesque,
1054 860 1190 933 eosque
1208 838 1267 907 in·

196 944 440 1016 numerabiles
456 968 534 1016 esse
553 945 710 1018 mundos
721 957 761 1014 ¹⁰.
784 943 854 1017 Sed
865 971 931 1017 nos
949 945 1077 1030 deum,
1091 948 1159 1018 nisi
1172 972 1267 1019 sem·

195 1056 397 1154 piternum,
416 1054 616 1152 intelligere
638 1059 701 1151 qui
722 1056 936 1153 possumus?

146 1186 193 1243 ιθ,
246 1171 331 1236 Post
347 1167 587 1235 Anaximenes
599 1189 680 1236 nera
694 1165 804 1238 deum
824 1167 967 1250 statuit,
981 1190 1140 1263 eumque
1155 1168 1271 1264 gigni,

198 1299 349 1371 esseque
361 1277 596 1362 immensum,
611 1292 648 1348 et
659 1277 862 1366 inlinitum,
880 1292 916 1348 et
931 1302 1075 1383 semper
1090 1279 1129 1348 in
1143 1292 1270 1349 motu:

197 1387 302 1483 quasi
316 1398 377 1455 aut
397 1409 459 1456 aer
477 1388 554 1456 sine
569 1385 642 1457 nlla
659 1384 776 1489 forma
794 1386 884 1458 deus
903 1412 981 1458 esse
1000 1391 1133 1484 possit,
1153 1412 1270 1483 quum

196 1497 404 1595 praesertim-
421 1494 531 1568 deum
555 1521 629 1568 non
652 1496 923 1593 modoaliqua,
947 1495 1008 1568 sed
1028 1494 1272 1592 pulcherrima

196 1608 319 1706 specie
336 1631 415 1679 esse
437 1606 580 1695 deceat3
604 1622 667 1679 aut
691 1633 765 1680 non
791 1632 916 1692 omne,
939 1607 1038 1704 quod
1059 1620 1180 1678 ortum
1205 1611 1275 1687 sit,

196 1716 397 1789 mortalitas
412 1733 668 1814 consequatur.

200 1923 321 1971 Guseendi
332 1921 363 1970 de
375 1924 424 1971 boc
437 1923 494 1971 loeo
504 1923 539 1971 sit
549 1927 667 1986 teQuum
679 1924 716 1971 di·
759 1924 806 1972 Ed.
815 1925 862 1975 Tb.
875 1925 926 1972 sine
936 1924 992 1973 oisn
1004 1935 1027 1970 et
1037 1935 1123 1972 mente.
1135 1921 1205 1975 Nihil
1215 1922 1277 1970 inde

202 2005 236 2050 cit
242 2002 366 2071 fingeret,
380 2002 553 2070 uonfinxeni,
564 2003 665 2068 plenum
678 2004 715 2051 la·
760 2000 867 2053 medelae}
880 2007 1008 2052 Ernestum
1022 2019 1128 2067 sequor,
1141 2004 1274 2050 commode

203 2083 237 2130 cit
256 2082 377 2145 placuisse
393 2081 430 2130 illi
445 2081 553 2130 eumdem
565 2082 646 2131 adbuc
659 2099 715 2130 cuu-
760 2085 824 2132 enirn
838 2101 870 2132 ex
883 2084 1040 2149 sequentibus
1050 2083 1081 2130 etl
1095 2078 1216 2147 aeij'rmtr't
1229 2098 1275 2146 po-

203 2177 253 2208 ssm
273 2172 399 2225 penetrare
424 2162 451 2208 in
469 2162 566 2220 omnin,
585 2164 716 2232 omniaque
760 2175 806 2211 test
820 2164 944 2211 subaudiri
957 2176 1078 2222 mentem,
1097 2161 1166 2226 quod
1179 2160 1273 2209 lieind.

202 2237 499 2307 ndbueefficerenffllrys.
511 2241 554 2289 lib.
566 2243 611 2300 tv,
622 2252 679 2291 sect.
692 2255 716 2300 t,
760 2245 832 2291 nimis
845 2245 1011 2308 perspicuitati
1021 2242 1136 2300 studens,
1146 2241 1220 2289 inseri
1232 2256 1276 2288 ro·

202 2335 257 2382 cap.
271 2335 295 2365 n.
759 2322 814 2371 luit.
827 2325 882 2370 Mn.

239 2413 264 2460 9.
277 2396 306 2444 si
315 2396 352 2444 dii
359 2406 465 2462 possunt
476 2412 527 2445 esse
541 2398 594 2448 sine
612 2416 684 2447 sensu
693 2411 718 2448 et
799 2416 838 2448 so.
845 2404 939 2466 Easque
945 2399 1134 2449 inumerabiles
1143 2412 1197 2446 esse
1205 2414 1277 2446 muu-

203 2486 284 2534 motu‚
295 2492 339 2524 cer
352 2493 428 2541 aqua
440 2475 567 2541 affrentit.
583 2478 649 2526 Libri
663 2479 717 2526 vnl-
760 2479 815 2527 des.
829 2480 921 2528 Elisus.
938 2482 1009 2529 etiam
1024 2496 1087 2527 unus
1100 2478 1192 2526 omittit
1203 2492 1275 2525 musr-

203 2557 252 2620 ssuti
270 2556 304 2603 sic
322 2555 430 2605 babent:
439 2556 483 2603 «si
498 2557 535 2604 ‹lli
548 2568 651 2622 possunt
665 2574 718 2608 esse
760 2559 821 2617 dos,
830 2575 901 2623 quam
911 2575 996 2608 vocem
1007 2574 1054 2624 pro
1066 2558 1212 2622 glossemate
1223 2572 1277 2620 per·

203 2637 255 2684 siue
269 2653 341 2684 sensu
354 2646 378 2683 et
391 2648 485 2696 mente,
496 2654 540 2685 cur
552 2655 621 2702 aqnae
630 2639 717 2700 ndjun·
760 2654 842 2703 peram
851 2638 935 2686 babuit
945 2638 1011 2687 Fulv.
1020 2637 1278 2695 Ursinus3Lsmbiuus

206 2717 241 2762 xit
249 2717 283 2772 ‚si
291 2718 342 2779 ipsa
350 2731 417 2763 mens
424 2727 534 2764 constare
542 2728 623 2781 potest
630 2734 718 2767 vacans
760 2730 840 2766 autern
851 2719 960 2767 rescribit
970 2719 1100 2782 niuemque
1108 2718 1278 2765 innumerabi-

204 2795 346 2857 corporet·
356 2796 436 2855 Quum
445 2797 590 2859 scripturam
605 2799 659 2860 quis
668 2814 718 2846 nou
761 2780 796 2847 les
814 2816 865 2846 esso
884 2799 1023 2856 mundum
1039 2798 1107 2862 quasi
1124 2797 1276 2845 Anaximen-

184 2872 192 2891 '
206 2873 273 2921 videt
288 2889 339 2920 esse
353 2873 482 2921 mutilant
496 2878 578 2923 Ltus.
597 2902 629 2912 —
640 2879 719 2924 Locus
763 2878 806 2926 der
814 2878 912 2925 mundis
920 2879 1071 2925 divinitatem
1083 2893 1133 2924 non
1144 2874 1275 2934 tribueret;

204 2964 257 3011 est,
267 2951 421 2999 librariorum
435 2953 561 3011 socordis,
571 2954 609 3002 rel
621 2956 720 3003 mutilus
762 2944 817 3004 uem
825 2968 889 3005 certe
901 2956 939 3003 rel
949 2957 994 3005 bos
1001 2992 1007 3015 ‚
1015 2956 1055 3003 rel
1064 2956 1146 3003 nullos
1157 2970 1208 3002 esse
1218 2953 1279 3002 deos

206 3031 246 3079 vel
260 3042 400 3095 corruptus.
423 3031 449 3077 si
463 3031 525 3080 nihil
539 3033 671 3093 exciderit,
685 3036 719 3084 its
763 3038 864 3086 censuit.
871 3037 908 3086 Cf.
916 3036 1036 3101 (lyrillum
1046 3047 1131 3083 contre
1140 3035 1277 3093 Julisuuru,

207 3126 364 3176 reponerem:
376 3112 431 3158 -sie
444 3110 478 3158 dii
490 3123 592 3176 possunt
605 3130 656 3161 esse
668 3115 720 3163 siue
762 3114 807 3165 lib.
822 3119 848 3177 1,
863 3132 890 3179 p.
909 3118 951 3163 ²8.
962 3115 1027 3162 Vide
1039 3113 1186 3173 Eusebium,
1199 3114 1279 3176 Prop-

206 3207 290 3239 sensu.
303 3192 337 3237 At
358 3201 464 3238 mentem
483 3207 527 3238 cur
546 3208 615 3255 aqute
634 3193 720 3254 adjun-
763 3195 878 3258 Evangel.
893 3194 935 3242 llb.
950 3197 976 3251 1,
990 3210 1044 3257 cap.
1065 3193 1095 3249 8,
1109 3204 1134 3239 et
1147 3190 1190 3239 lib.
1204 3190 1279 3250 ΧΠ,

206 3272 259 3331 xit,
273 3271 294 3317 si
307 3272 359 3334 ipsa
374 3286 442 3318 mens
456 3282 568 3319 constare
586 3281 668 3336 potest
679 3290 720 3319 vs·
764 3289 818 3337 cap.
835 3282 880 3330 143
895 3273 1075 3336 Augustiuum,
1092 3270 1193 3318 Cisitst.
1215 3269 1280 3327 Del,

208 3367 266 3398 cuns
279 3350 417 3414 corpore?-
430 3349 492 3397 Nam
502 3361 620 3414 putarunt
631 3352 720 3416 Epicu·
763 3352 806 3401 lib.
819 3353 891 3408 Vlll,
905 3368 959 3415 cap.
973 3367 1044 3407 a,sc
1058 3349 1232 3407 Plutarchum,
1247 3347 1278 3395 de

209 3431 244 3477 rei
263 3427 316 3476 lieri
336 3445 386 3476 non
408 3444 493 3493 posse,
513 3430 573 3492 quin
592 3428 720 3497 ἀσώματον
764 3432 848 3480 Pleuit.
862 3431 904 3478 lib.
921 3433 946 3486 1,
961 3446 1014 3494 esp.
1027 3431 1054 3476 3.
1072 3426 1280 3476 nme-cns.

208 3524 282 3557 ornus
295 3522 368 3555 sensu
382 3517 481 3556 cumret.
493 3508 556 3556 Vide
568 3524 639 3573 capp.
655 3525 684 3557 ra
696 3521 721 3557 et
764 3511 827 3559 lted.
840 3524 930 3573 eosque
940 3525 992 3556 esse
1001 3506 1154 3555 innumerab.
1168 3505 1236 3552 deos.
1246 3507 1280 3553 G.

214 3589 254 3636 ¹3.
265 3587 331 3635 Dar.
339 3612 374 3622 -
381 3587 477 3636 Ernest.
490 3588 667 3649 exconjectura
682 3589 722 3636 de·
765 3605 896 3652 conansque
905 3589 996 3636 irinum.
1005 3603 1056 3635 esse
1067 3585 1178 3633 mendas.
1186 3584 1280 3635 Heiud.

209 3666 247 3713 dit
260 3675 335 3714 motu.
358 3665 448 3712 Probat
465 3666 514 3713 boo
526 3666 616 3729 Heind.
630 3667 672 3715 sed
690 3667 721 3714 ad
766 3669 886 3729 conjicit:
903 3682 1011 3730 neosque
1024 3663 1214 3712 innumerabiles
1229 3680 1281 3711 esse

209 3742 328 3807 emunxit
345 3743 427 3792 deesse
440 3744 534 3808 aliquid
553 3746 596 3793 ait.
615 3746 722 3806 Coujicit
765 3760 790 3795 es
799 3749 867 3812 ipsos
876 3763 927 3794 esse
936 3745 1042 3793 mundos
1050 3767 1070 3790 n.
1079 3743 1119 3790 ste
1130 3743 1231 3806 quidem
1241 3758 1280 3790 ex·

209 3826 300 3889 igitur:
311 3824 348 3873 «si
358 3825 392 3872 dii
402 3835 506 3889 possum
515 3841 566 3873 esse
577 3826 721 3883 sineseusu,
766 3826 896 3891 plieaudus
908 3861 915 3882 ,
939 3841 1018 3889 neque
1038 3841 1096 3871 vero
1115 3822 1282 3870 emendandus

209 3922 254 3954 cur
272 3921 342 3969 squae
359 3916 463 3953 mentem
486 3905 614 3967 adjunxit,
628 3909 649 3952 si
670 3905 733 3968 ipss*
768 3904 951 3953 videturlocus.
965 3902 1282 3952 Mn.-Nostrumlooum

210 4002 293 4044 meus,
303 3995 351 4034 etc.
360 4007 372 4025 ι·
387 3985 472 4034 Nostri
481 3985 555 4032 codd.
568 3986 600 4033 A.
612 3986 639 4032 ll.
651 3985 681 4032 C.
692 3985 721 4031 D.
767 3983 866 4033 Stobteo
879 3986 977 4047 Eclogg.
991 3983 1035 4031 Ph.
1047 3985 1067 4041 l,
1080 3998 1106 4045 p.
1118 3980 1161 4037 56,
1170 3979 1284 4028 stlblbuit

212 4069 241 4115 Η.
253 4064 288 4112 sic
300 4064 351 4122 dr'r',·
364 4065 394 4113 E.
405 4068 425 4112 1.
436 4065 644 4122 sinesensu,sine
655 4081 721 4112 men-
769 4063 920 4119 lleerenius,
948 4062 1081 4109 acutissimi
1109 4061 1201 4125 ingenii
1229 4058 1282 4114 vir,

211 4156 250 4201 τε,
266 4147 304 4191 Fa.
316 4155 340 4192 et
353 4145 390 4192 Μ.
401 4144 454 4192 siue
466 4143 523 4193 visu
538 4155 562 4192 et
574 4145 625 4193 siue
635 4155 722 4193 meritc.
768 4159 841 4208 quem
855 4144 948 4192 confer.
966 4142 1013 4190 Cn.
