<?xml version="1.0" encoding="UTF-8"?>
<!DOCTYPE html PUBLIC "-//W3C//DTD XHTML 1.0 Transitional//EN"
    "http://www.w3.org/TR/xhtml1/DTD/xhtml1-transitional.dtd">
<html xmlns="http://www.w3.org/1999/xhtml" xml:lang="en" lang="en">
 <head>
  <title>
</title>
<meta http-equiv="Content-Type" content="text/html;charset=utf-8" />
  <meta name='ocr-system' content='tesseract 3.04.00' />
  <meta name='ocr-capabilities' content='ocr_page ocr_carea ocr_par ocr_line ocrx_word'/>
</head>
<body>
  <div class='ocr_page' id='page_1' title='image "bibliothecaclas86lemagoog_0054.png"; bbox 0 0 2648 4776; ppageno 0'>
   <div class='ocr_carea' id='block_1_1' title="bbox 232 391 1170 476">
    <p class='ocr_par' dir='ltr' id='par_1_1' title="bbox 232 391 1170 476">
     <span class='ocr_line' id='line_1_1' title="bbox 232 391 1170 476; baseline -0.002 -12"><span class='ocrx_word' id='word_1_1' title='bbox 232 397 294 464; x_wconf 85' lang='lat' dir='ltr'><strong>DE</strong></span> <span class='ocrx_word' id='word_1_2' title='bbox 318 395 503 463; x_wconf 80' lang='lat' dir='ltr'><strong>NATURA</strong></span> <span class='ocrx_word' id='word_1_3' title='bbox 531 394 750 476; x_wconf 83' lang='lat' dir='ltr'>DEORUM,</span> <span class='ocrx_word' id='word_1_4' title='bbox 775 394 908 462; x_wconf 88' lang='lat' dir='ltr'>LIBER</span> <span class='ocrx_word' id='word_1_5' title='bbox 935 398 966 475; x_wconf 93' lang='lat'><strong>1,</strong></span> <span class='ocrx_word' id='word_1_6' title='bbox 997 391 1064 462; x_wconf 57' lang='lat' dir='ltr'><strong>ro(</strong></span> <span class='ocrx_word' id='word_1_7' title='bbox 1126 392 1170 463; x_wconf 73' lang='lat'><strong>23</strong></span> 
     </span>
    </p>
   </div>
   <div class='ocr_carea' id='block_1_2' title="bbox 101 508 1225 2707">
    <p class='ocr_par' dir='ltr' id='par_1_2' title="bbox 101 508 1216 1272">
     <span class='ocr_line' id='line_1_2' title="bbox 105 508 1172 612; baseline -0.002 -25"><span class='ocrx_word' id='word_1_8' title='bbox 105 532 139 587; x_wconf 90' lang='lat' dir='ltr'><strong>et</strong></span> <span class='ocrx_word' id='word_1_9' title='bbox 154 508 393 602; x_wconf 83' lang='lat' dir='ltr'><strong>luminibus3,</strong></span> <span class='ocrx_word' id='word_1_10' title='bbox 416 529 601 612; x_wconf 83' lang='lat' dir='ltr'><strong>tamquam</strong></span> <span class='ocrx_word' id='word_1_11' title='bbox 624 512 755 603; x_wconf 80' lang='lat' dir='ltr'><strong>aedilis,</strong></span> <span class='ocrx_word' id='word_1_12' title='bbox 778 515 930 584; x_wconf 85' lang='lat' dir='ltr'><strong>ornare?</strong></span> <span class='ocrx_word' id='word_1_13' title='bbox 947 516 1002 598; x_wconf 87' lang='lat' dir='ltr'><strong>Si,</strong></span> <span class='ocrx_word' id='word_1_14' title='bbox 1023 529 1063 584; x_wconf 88' lang='lat' dir='ltr'><strong>ut</strong></span> <span class='ocrx_word' id='word_1_15' title='bbox 1083 513 1172 585; x_wconf 84' lang='lat' dir='ltr'><strong>deus</strong></span> 
     </span>
     <span class='ocr_line' id='line_1_3' title="bbox 103 622 1172 723; baseline 0 -28"><span class='ocrx_word' id='word_1_16' title='bbox 103 628 178 723; x_wconf 87' lang='lat' dir='ltr'><strong>ipse</strong></span> <span class='ocrx_word' id='word_1_17' title='bbox 191 625 322 696; x_wconf 87' lang='lat' dir='ltr'><strong>meiius</strong></span> <span class='ocrx_word' id='word_1_18' title='bbox 336 624 530 710; x_wconf 82' lang='lat' dir='ltr'><strong>habitaret3</strong></span> <span class='ocrx_word' id='word_1_19' title='bbox 545 638 650 695; x_wconf 90' lang='lat' dir='ltr'><strong>antea</strong></span> <span class='ocrx_word' id='word_1_20' title='bbox 669 622 837 694; x_wconf 84' lang='lat' dir='ltr'><strong>videlicet</strong></span> <span class='ocrx_word' id='word_1_21' title='bbox 850 638 1013 721; x_wconf 88' lang='lat' dir='ltr'><strong>tempore</strong></span> <span class='ocrx_word' id='word_1_22' title='bbox 1027 623 1172 695; x_wconf 87' lang='lat' dir='ltr'><strong>infinito</strong></span> 
     </span>
     <span class='ocr_line' id='line_1_4' title="bbox 104 731 1172 831; baseline 0.003 -28"><span class='ocrx_word' id='word_1_23' title='bbox 104 736 139 804; x_wconf 88' lang='lat' dir='ltr'><strong>in</strong></span> <span class='ocrx_word' id='word_1_24' title='bbox 154 733 332 822; x_wconf 77' lang='lat' dir='ltr'><strong>tenebris,</strong></span> <span class='ocrx_word' id='word_1_25' title='bbox 351 749 536 831; x_wconf 85' lang='lat' dir='ltr'><strong>tamquam</strong></span> <span class='ocrx_word' id='word_1_26' title='bbox 552 735 590 805; x_wconf 93' lang='lat' dir='ltr'><strong>iu</strong></span> <span class='ocrx_word' id='word_1_27' title='bbox 602 733 793 831; x_wconf 86' lang='lat' dir='ltr'><strong>gurgustio</strong></span> <span class='ocrx_word' id='word_1_28' title='bbox 801 731 830 815; x_wconf 72' lang='lat'><strong>4,</strong></span> <span class='ocrx_word' id='word_1_29' title='bbox 844 732 1075 807; x_wconf 84' lang='lat' dir='ltr'><strong>habitaverat.</strong></span> <span class='ocrx_word' id='word_1_30' title='bbox 1090 739 1172 807; x_wconf 88' lang='lat' dir='ltr'><strong>Post</strong></span> 
     </span>
     <span class='ocr_line' id='line_1_5' title="bbox 101 843 1216 943; baseline 0.002 -28"><span class='ocrx_word' id='word_1_31' title='bbox 101 859 225 915; x_wconf 85' lang='lat' dir='ltr'><strong>autem</strong></span> <span class='ocrx_word' id='word_1_32' title='bbox 241 847 456 916; x_wconf 78' lang='lat' dir='ltr'><strong>varietatene</strong></span> <span class='ocrx_word' id='word_1_33' title='bbox 468 869 553 915; x_wconf 88' lang='lat' dir='ltr'><strong>eum</strong></span> <span class='ocrx_word' id='word_1_34' title='bbox 568 843 738 915; x_wconf 88' lang='lat' dir='ltr'><strong>delectari</strong></span> <span class='ocrx_word' id='word_1_35' title='bbox 754 859 945 943; x_wconf 86' lang='lat' dir='ltr'><strong>putamus,</strong></span> <span class='ocrx_word' id='word_1_36' title='bbox 962 869 1033 942; x_wconf 92' lang='lat' dir='ltr'><strong>qua</strong></span> <span class='ocrx_word' id='word_1_37' title='bbox 1046 845 1171 917; x_wconf 79' lang='lat' dir='ltr'><strong>calum</strong></span> <span class='ocrx_word' id='word_1_38' title='bbox 1210 848 1216 858; x_wconf 86' lang='lat'>&#39;</span> 
     </span>
     <span class='ocr_line' id='line_1_6' title="bbox 103 953 1172 1053; baseline 0 -27"><span class='ocrx_word' id='word_1_39' title='bbox 103 970 140 1026; x_wconf 87' lang='lat' dir='ltr'><strong>et</strong></span> <span class='ocrx_word' id='word_1_40' title='bbox 167 971 282 1027; x_wconf 88' lang='lat' dir='ltr'><strong>terras</strong></span> <span class='ocrx_word' id='word_1_41' title='bbox 311 969 503 1027; x_wconf 83' lang='lat' dir='ltr'><strong>exornatas</strong></span> <span class='ocrx_word' id='word_1_42' title='bbox 530 953 720 1026; x_wconf 79' lang='lat' dir='ltr'><strong>videmus?</strong></span> <span class='ocrx_word' id='word_1_43' title='bbox 746 980 828 1052; x_wconf 86' lang='lat' dir='ltr'><strong>quae</strong></span> <span class='ocrx_word' id='word_1_44' title='bbox 855 957 922 1026; x_wconf 90' lang='lat' dir='ltr'><strong>ista</strong></span> <span class='ocrx_word' id='word_1_45' title='bbox 950 969 1070 1053; x_wconf 90' lang='lat' dir='ltr'><strong>potest</strong></span> <span class='ocrx_word' id='word_1_46' title='bbox 1097 980 1172 1026; x_wconf 89' lang='lat' dir='ltr'><strong>esse</strong></span> 
     </span>
     <span class='ocr_line' id='line_1_7' title="bbox 102 1064 1173 1163; baseline 0.002 -27"><span class='ocrx_word' id='word_1_47' title='bbox 102 1064 304 1137; x_wconf 85' lang='lat' dir='ltr'><strong>oblectatio</strong></span> <span class='ocrx_word' id='word_1_48' title='bbox 325 1064 420 1137; x_wconf 78' lang='lat' dir='ltr'><strong>deo?</strong></span> <span class='ocrx_word' id='word_1_49' title='bbox 448 1090 528 1163; x_wconf 84' lang='lat' dir='ltr'><strong>quae</strong></span> <span class='ocrx_word' id='word_1_50' title='bbox 547 1069 576 1135; x_wconf 88' lang='lat' dir='ltr'><strong>si</strong></span> <span class='ocrx_word' id='word_1_51' title='bbox 594 1081 704 1151; x_wconf 89' lang='lat' dir='ltr'><strong>esset,</strong></span> <span class='ocrx_word' id='word_1_52' title='bbox 729 1091 805 1137; x_wconf 90' lang='lat' dir='ltr'><strong>non</strong></span> <span class='ocrx_word' id='word_1_53' title='bbox 822 1090 864 1137; x_wconf 87' lang='lat' dir='ltr'><strong>ea</strong></span> <span class='ocrx_word' id='word_1_54' title='bbox 891 1065 1030 1139; x_wconf 89' lang='lat' dir='ltr'><strong>tamdiu</strong></span> <span class='ocrx_word' id='word_1_55' title='bbox 1051 1090 1173 1138; x_wconf 84' lang='lat' dir='ltr'><strong>carere</strong></span> 
     </span>
     <span class='ocr_line' id='line_1_8' title="bbox 102 1177 671 1272; baseline 0.002 -27"><span class='ocrx_word' id='word_1_56' title='bbox 102 1177 293 1272; x_wconf 82' lang='lat' dir='ltr'><strong>potuisset.</strong></span> <span class='ocrx_word' id='word_1_57' title='bbox 669 1262 671 1267; x_wconf 23' lang='grc' dir='ltr'>Ι</span> 
     </span>
    </p>

    <p class='ocr_par' dir='ltr' id='par_1_3' title="bbox 101 1281 1225 2379">
     <span class='ocr_line' id='line_1_9' title="bbox 152 1281 1225 1372; baseline -0.004 -18"><span class='ocrx_word' id='word_1_58' title='bbox 152 1288 210 1354; x_wconf 83' lang='lat' dir='ltr'><strong>An</strong></span> <span class='ocrx_word' id='word_1_59' title='bbox 223 1283 319 1371; x_wconf 75' lang='lat' dir='ltr'><strong>hmo,</strong></span> <span class='ocrx_word' id='word_1_60' title='bbox 332 1297 373 1354; x_wconf 86' lang='lat' dir='ltr'><strong>ut</strong></span> <span class='ocrx_word' id='word_1_61' title='bbox 390 1281 466 1354; x_wconf 87' lang='lat' dir='ltr'><strong>fere</strong></span> <span class='ocrx_word' id='word_1_62' title='bbox 482 1283 619 1372; x_wconf 90' lang='lat' dir='ltr'><strong>dicitis,</strong></span> <span class='ocrx_word' id='word_1_63' title='bbox 636 1283 827 1357; x_wconf 90' lang='lat' dir='ltr'><strong>hominum</strong></span> <span class='ocrx_word' id='word_1_64' title='bbox 842 1310 948 1358; x_wconf 88' lang='lat' dir='ltr'><strong>causa</strong></span> <span class='ocrx_word' id='word_1_65' title='bbox 964 1311 985 1355; x_wconf 92' lang='lat' dir='ltr'><strong>a</strong></span> <span class='ocrx_word' id='word_1_66' title='bbox 1002 1284 1072 1357; x_wconf 90' lang='lat' dir='ltr'><strong>deo</strong></span> <span class='ocrx_word' id='word_1_67' title='bbox 1089 1311 1172 1358; x_wconf 91' lang='lat' dir='ltr'><strong>con·</strong></span> <span class='ocrx_word' id='word_1_68' title='bbox 1193 1299 1225 1351; x_wconf 76' lang='lat'><strong>23</strong></span> 
     </span>
     <span class='ocr_line' id='line_1_10' title="bbox 102 1393 1173 1493; baseline 0.003 -28"><span class='ocrx_word' id='word_1_69' title='bbox 102 1395 229 1466; x_wconf 83' lang='lat' dir='ltr'><strong>stituta</strong></span> <span class='ocrx_word' id='word_1_70' title='bbox 243 1393 353 1465; x_wconf 79' lang='lat' dir='ltr'><strong>sunt?</strong></span> <span class='ocrx_word' id='word_1_71' title='bbox 367 1394 651 1491; x_wconf 85' lang='lat' dir='ltr'><strong>Sapientumne?</strong></span> <span class='ocrx_word' id='word_1_72' title='bbox 665 1409 815 1493; x_wconf 86' lang='lat' dir='ltr'><strong>propter</strong></span> <span class='ocrx_word' id='word_1_73' title='bbox 833 1420 968 1493; x_wconf 92' lang='lat' dir='ltr'><strong>paucos</strong></span> <span class='ocrx_word' id='word_1_74' title='bbox 976 1420 1065 1492; x_wconf 85' lang='lat' dir='ltr'><strong>ergo</strong></span> <span class='ocrx_word' id='word_1_75' title='bbox 1075 1410 1173 1491; x_wconf 80' lang='lat' dir='ltr'><strong>tanta</strong></span> 
     </span>
     <span class='ocr_line' id='line_1_11' title="bbox 101 1502 1173 1605; baseline 0.002 -28"><span class='ocrx_word' id='word_1_76' title='bbox 101 1520 157 1577; x_wconf 85' lang='lat' dir='ltr'><strong>est</strong></span> <span class='ocrx_word' id='word_1_77' title='bbox 175 1502 269 1576; x_wconf 85' lang='lat' dir='ltr'><strong>facta</strong></span> <span class='ocrx_word' id='word_1_78' title='bbox 292 1529 414 1576; x_wconf 87' lang='lat' dir='ltr'><strong>rernm</strong></span> <span class='ocrx_word' id='word_1_79' title='bbox 435 1505 586 1576; x_wconf 85' lang='lat' dir='ltr'><strong>molitio.</strong></span> <span class='ocrx_word' id='word_1_80' title='bbox 610 1511 665 1581; x_wconf 86' lang='lat' dir='ltr'><strong>An</strong></span> <span class='ocrx_word' id='word_1_81' title='bbox 684 1505 924 1577; x_wconf 77' lang='lat' dir='ltr'><strong>stultorum⁵i</strong></span> <span class='ocrx_word' id='word_1_82' title='bbox 948 1512 993 1578; x_wconf 87' lang='lat' dir='ltr'><strong>At</strong></span> <span class='ocrx_word' id='word_1_83' title='bbox 1014 1510 1173 1605; x_wconf 81' lang='lat' dir='ltr'><strong>primunr</strong></span> 
     </span>
     <span class='ocr_line' id='line_1_12' title="bbox 102 1613 1172 1713; baseline 0.002 -27"><span class='ocrx_word' id='word_1_84' title='bbox 102 1637 211 1686; x_wconf 85' lang='lat' dir='ltr'><strong>causa</strong></span> <span class='ocrx_word' id='word_1_85' title='bbox 238 1640 314 1685; x_wconf 89' lang='lat' dir='ltr'><strong>non</strong></span> <span class='ocrx_word' id='word_1_86' title='bbox 343 1613 433 1703; x_wconf 82' lang='lat' dir='ltr'><strong>fuit,</strong></span> <span class='ocrx_word' id='word_1_87' title='bbox 461 1639 528 1686; x_wconf 89' lang='lat' dir='ltr'><strong>cur</strong></span> <span class='ocrx_word' id='word_1_88' title='bbox 555 1613 601 1685; x_wconf 90' lang='lat' dir='ltr'><strong>de</strong></span> <span class='ocrx_word' id='word_1_89' title='bbox 630 1614 807 1713; x_wconf 85' lang='lat' dir='ltr'>improbis</span> <span class='ocrx_word' id='word_1_90' title='bbox 835 1616 929 1689; x_wconf 90' lang='lat' dir='ltr'><strong>bene</strong></span> <span class='ocrx_word' id='word_1_91' title='bbox 960 1634 1172 1691; x_wconf 84' lang='lat' dir='ltr'><strong>mereretur.</strong></span> 
     </span>
     <span class='ocr_line' id='line_1_13' title="bbox 102 1723 1174 1823; baseline 0.004 -28"><span class='ocrx_word' id='word_1_92' title='bbox 102 1723 246 1796; x_wconf 86' lang='lat' dir='ltr'><strong>Deinde</strong></span> <span class='ocrx_word' id='word_1_93' title='bbox 267 1724 356 1822; x_wconf 92' lang='lat' dir='ltr'><strong>quid</strong></span> <span class='ocrx_word' id='word_1_94' title='bbox 376 1739 431 1796; x_wconf 87' lang='lat' dir='ltr'><strong>est</strong></span> <span class='ocrx_word' id='word_1_95' title='bbox 451 1739 684 1821; x_wconf 86' lang='lat' dir='ltr'><strong>assequutus,</strong></span> <span class='ocrx_word' id='word_1_96' title='bbox 704 1750 818 1823; x_wconf 88' lang='lat' dir='ltr'><strong>quum</strong></span> <span class='ocrx_word' id='word_1_97' title='bbox 834 1750 962 1798; x_wconf 89' lang='lat' dir='ltr'><strong>omnes</strong></span> <span class='ocrx_word' id='word_1_98' title='bbox 984 1727 1086 1799; x_wconf 84' lang='lat' dir='ltr'><strong>stulti</strong></span> <span class='ocrx_word' id='word_1_99' title='bbox 1102 1730 1174 1799; x_wconf 88' lang='lat' dir='ltr'><strong>sint</strong></span> 
     </span>
     <span class='ocr_line' id='line_1_14' title="bbox 102 1835 1174 1934; baseline 0.001 -27"><span class='ocrx_word' id='word_1_100' title='bbox 102 1838 182 1907; x_wconf 87' lang='lat' dir='ltr'><strong>sine</strong></span> <span class='ocrx_word' id='word_1_101' title='bbox 199 1835 315 1908; x_wconf 87' lang='lat' dir='ltr'><strong>dubio</strong></span> <span class='ocrx_word' id='word_1_102' title='bbox 336 1837 546 1923; x_wconf 83' lang='lat' dir='ltr'><strong>miserrimi3</strong></span> <span class='ocrx_word' id='word_1_103' title='bbox 567 1838 721 1909; x_wconf 84' lang='lat' dir='ltr'><strong>maxime</strong></span> <span class='ocrx_word' id='word_1_104' title='bbox 739 1837 838 1934; x_wconf 94' lang='lat' dir='ltr'><strong>quod</strong></span> <span class='ocrx_word' id='word_1_105' title='bbox 857 1838 957 1909; x_wconf 83' lang='lat' dir='ltr'><strong>stulti</strong></span> <span class='ocrx_word' id='word_1_106' title='bbox 976 1853 1061 1909; x_wconf 91' lang='lat' dir='ltr'><strong>sunt</strong></span> <span class='ocrx_word' id='word_1_107' title='bbox 1080 1865 1088 1907; x_wconf 78' lang='grc' dir='ltr'>ε</span> <span class='ocrx_word' id='word_1_108' title='bbox 1108 1839 1174 1908; x_wconf 90' lang='lat' dir='ltr'><strong>rni-</strong></span> 
     </span>
     <span class='ocr_line' id='line_1_15' title="bbox 103 1944 1174 2045; baseline 0 -26"><span class='ocrx_word' id='word_1_109' title='bbox 103 1950 220 2019; x_wconf 88' lang='lat' dir='ltr'><strong>serius</strong></span> <span class='ocrx_word' id='word_1_110' title='bbox 244 1949 340 2019; x_wconf 86' lang='lat' dir='ltr'><strong>enim</strong></span> <span class='ocrx_word' id='word_1_111' title='bbox 363 1948 512 2019; x_wconf 82' lang='lat' dir='ltr'><strong>stultitia</strong></span> <span class='ocrx_word' id='word_1_112' title='bbox 541 1947 629 2045; x_wconf 92' lang='lat' dir='ltr'><strong>quid</strong></span> <span class='ocrx_word' id='word_1_113' title='bbox 656 1971 848 2045; x_wconf 90' lang='lat' dir='ltr'><strong>possumus</strong></span> <span class='ocrx_word' id='word_1_114' title='bbox 874 1944 1017 2020; x_wconf 82' lang='lat' dir='ltr'><strong>dicere?</strong></span> <span class='ocrx_word' id='word_1_115' title='bbox 1043 1946 1174 2019; x_wconf 90' lang='lat' dir='ltr'><strong>deinde</strong></span> 
     </span>
     <span class='ocr_line' id='line_1_16' title="bbox 103 2056 1176 2156; baseline 0 -29"><span class='ocrx_word' id='word_1_116' title='bbox 103 2057 207 2156; x_wconf 87' lang='lat' dir='ltr'><strong>qnod</strong></span> <span class='ocrx_word' id='word_1_117' title='bbox 224 2061 273 2131; x_wconf 88' lang='lat' dir='ltr'><strong>ita</strong></span> <span class='ocrx_word' id='word_1_118' title='bbox 292 2058 407 2130; x_wconf 83' lang='lat' dir='ltr'><strong>multa</strong></span> <span class='ocrx_word' id='word_1_119' title='bbox 422 2075 508 2130; x_wconf 86' lang='lat' dir='ltr'><strong>sunt</strong></span> <span class='ocrx_word' id='word_1_120' title='bbox 523 2056 755 2129; x_wconf 90' lang='lat' dir='ltr'><strong>incommoda</strong></span> <span class='ocrx_word' id='word_1_121' title='bbox 768 2060 806 2128; x_wconf 91' lang='lat' dir='ltr'><strong>in</strong></span> <span class='ocrx_word' id='word_1_122' title='bbox 820 2060 911 2140; x_wconf 89' lang='lat' dir='ltr'><strong>vita,</strong></span> <span class='ocrx_word' id='word_1_123' title='bbox 926 2071 1022 2128; x_wconf 90' lang='lat' dir='ltr'><strong>ntea</strong></span> <span class='ocrx_word' id='word_1_124' title='bbox 1040 2060 1176 2156; x_wconf 89' lang='lat' dir='ltr'><strong>sapien·</strong></span> 
     </span>
     <span class='ocr_line' id='line_1_17' title="bbox 103 2156 1218 2268; baseline 0 -29"><span class='ocrx_word' id='word_1_125' title='bbox 103 2184 158 2240; x_wconf 87' lang='lat' dir='ltr'><strong>tes</strong></span> <span class='ocrx_word' id='word_1_126' title='bbox 182 2156 461 2241; x_wconf 87' lang='lat' dir='ltr'><strong>commodorum</strong></span> <span class='ocrx_word' id='word_1_127' title='bbox 487 2170 784 2268; x_wconf 86' lang='lat' dir='ltr'><strong>compensatione</strong></span> <span class='ocrx_word' id='word_1_128' title='bbox 804 2167 958 2255; x_wconf 91' lang='lat' dir='ltr'><strong>leniant,</strong></span> <span class='ocrx_word' id='word_1_129' title='bbox 984 2169 1084 2240; x_wconf 86' lang='lat' dir='ltr'><strong>stulti</strong></span> <span class='ocrx_word' id='word_1_130' title='bbox 1108 2193 1175 2239; x_wconf 89' lang='lat' dir='ltr'><strong>nec</strong></span> <span class='ocrx_word' id='word_1_131' title='bbox 1210 2239 1218 2260; x_wconf 74' lang='lat'>‚</span> 
     </span>
     <span class='ocr_line' id='line_1_18' title="bbox 103 2277 1003 2379; baseline -0.002 -29"><span class='ocrx_word' id='word_1_132' title='bbox 103 2284 217 2351; x_wconf 88' lang='lat' dir='ltr'><strong>vitare</strong></span> <span class='ocrx_word' id='word_1_133' title='bbox 231 2281 411 2355; x_wconf 79' lang='lat' dir='ltr'><strong>venientia</strong></span> <span class='ocrx_word' id='word_1_134' title='bbox 432 2280 587 2379; x_wconf 88' lang='lat' dir='ltr'><strong>possint,</strong></span> <span class='ocrx_word' id='word_1_135' title='bbox 608 2304 676 2349; x_wconf 88' lang='lat' dir='ltr'><strong>nec</strong></span> <span class='ocrx_word' id='word_1_136' title='bbox 693 2277 787 2349; x_wconf 85' lang='lat' dir='ltr'><strong>serre</strong></span> <span class='ocrx_word' id='word_1_137' title='bbox 805 2280 1003 2376; x_wconf 69' lang='lat' dir='ltr'><strong>praesentia.</strong></span> 
     </span>
    </p>

    <p class='ocr_par' dir='ltr' id='par_1_4' title="bbox 104 2389 1174 2707">
     <span class='ocr_line' id='line_1_19' title="bbox 152 2389 1174 2487; baseline 0 -29"><span class='ocrx_word' id='word_1_138' title='bbox 152 2394 198 2458; x_wconf 88' lang='lat' dir='ltr'><strong>X.</strong></span> <span class='ocrx_word' id='word_1_139' title='bbox 227 2390 301 2479; x_wconf 89' lang='lat' dir='ltr'><strong>Qui</strong></span> <span class='ocrx_word' id='word_1_140' title='bbox 328 2413 414 2460; x_wconf 87' lang='lat' dir='ltr'><strong>vero</strong></span> <span class='ocrx_word' id='word_1_141' title='bbox 444 2389 623 2460; x_wconf 90' lang='lat' dir='ltr'><strong>mundum</strong></span> <span class='ocrx_word' id='word_1_142' title='bbox 644 2390 764 2485; x_wconf 89' lang='lat' dir='ltr'><strong>ipsum</strong></span> <span class='ocrx_word' id='word_1_143' title='bbox 790 2389 1007 2458; x_wconf 86' lang='lat' dir='ltr'><strong>animantem</strong></span> <span class='ocrx_word' id='word_1_144' title='bbox 1033 2391 1174 2487; x_wconf 89' lang='lat' dir='ltr'><strong>sapien·</strong></span> 
     </span>
     <span class='ocr_line' id='line_1_20' title="bbox 104 2487 1173 2596; baseline -0.003 -27"><span class='ocrx_word' id='word_1_145' title='bbox 104 2513 255 2596; x_wconf 83' lang='lat' dir='ltr'><strong>temque</strong></span> <span class='ocrx_word' id='word_1_146' title='bbox 284 2523 361 2570; x_wconf 89' lang='lat' dir='ltr'><strong>esse</strong></span> <span class='ocrx_word' id='word_1_147' title='bbox 387 2499 576 2584; x_wconf 87' lang='lat' dir='ltr'><strong>dixerunt,</strong></span> <span class='ocrx_word' id='word_1_148' title='bbox 600 2487 703 2570; x_wconf 87' lang='lat' dir='ltr'><strong>nuilo</strong></span> <span class='ocrx_word' id='word_1_149' title='bbox 732 2496 842 2568; x_wconf 82' lang='lat' dir='ltr'><strong>modo</strong></span> <span class='ocrx_word' id='word_1_150' title='bbox 868 2496 1037 2568; x_wconf 86' lang='lat' dir='ltr'><strong>viderunt</strong></span> <span class='ocrx_word' id='word_1_151' title='bbox 1065 2499 1173 2568; x_wconf 88' lang='lat' dir='ltr'><strong>animi</strong></span> 
     </span>
     <span class='ocr_line' id='line_1_21' title="bbox 104 2605 1173 2707; baseline 0 -28"><span class='ocrx_word' id='word_1_152' title='bbox 104 2623 272 2680; x_wconf 86' lang='lat' dir='ltr'><strong>naturam</strong></span> <span class='ocrx_word' id='word_1_153' title='bbox 290 2608 539 2707; x_wconf 86' lang='lat' dir='ltr'><strong>intelligentis,</strong></span> <span class='ocrx_word' id='word_1_154' title='bbox 562 2609 598 2678; x_wconf 92' lang='lat' dir='ltr'><strong>in</strong></span> <span class='ocrx_word' id='word_1_155' title='bbox 629 2633 740 2705; x_wconf 88' lang='lat' dir='ltr'><strong>quarn</strong></span> <span class='ocrx_word' id='word_1_156' title='bbox 760 2606 915 2706; x_wconf 79' lang='lat' dir='ltr'><strong>figuram</strong></span> <span class='ocrx_word' id='word_1_157' title='bbox 936 2605 1064 2679; x_wconf 79' lang='lat' dir='ltr'><strong>cadere</strong></span> <span class='ocrx_word' id='word_1_158' title='bbox 1091 2632 1173 2705; x_wconf 92' lang='lat' dir='ltr'><strong>pos·</strong></span> 
     </span>
    </p>
   </div>
   <div class='ocr_carea' id='block_1_3' title="bbox 100 2807 1221 4218">
    <p class='ocr_par' dir='ltr' id='par_1_5' title="bbox 140 2807 1221 2874">
     <span class='ocr_line' id='line_1_22' title="bbox 140 2807 1221 2874; baseline 0.004 -18"><span class='ocrx_word' id='word_1_159' title='bbox 140 2810 167 2857; x_wconf 81' lang='lat'><strong>3.</strong></span> <span class='ocrx_word' id='word_1_160' title='bbox 188 2808 376 2873; x_wconf 77' lang='lat' dir='ltr'><strong>concupisceret</strong></span> <span class='ocrx_word' id='word_1_161' title='bbox 387 2809 574 2857; x_wconf 72' lang='lat' dir='ltr'><strong>deremendum</strong></span> <span class='ocrx_word' id='word_1_162' title='bbox 587 2808 620 2855; x_wconf 84' lang='lat' dir='ltr'><strong>si·</strong></span> <span class='ocrx_word' id='word_1_163' title='bbox 662 2807 926 2873; x_wconf 70' lang='lat' dir='ltr'><strong>gurgustioliquiden</strong></span> <span class='ocrx_word' id='word_1_164' title='bbox 934 2810 1039 2858; x_wconf 83' lang='lat' dir='ltr'><strong>Ernesto</strong></span> <span class='ocrx_word' id='word_1_165' title='bbox 1046 2811 1175 2874; x_wconf 78' lang='lat' dir='ltr'><strong>potiusas·</strong></span> <span class='ocrx_word' id='word_1_166' title='bbox 1220 2835 1221 2839; x_wconf 42' lang='lat'>¹</span> 
     </span>
    </p>

    <p class='ocr_par' dir='ltr' id='par_1_6' title="bbox 100 2886 817 2954">
     <span class='ocr_line' id='line_1_23' title="bbox 100 2886 817 2954; baseline 0 -18"><span class='ocrx_word' id='word_1_167' title='bbox 100 2888 161 2954; x_wconf 72' lang='lat' dir='ltr'><strong>gris</strong></span> <span class='ocrx_word' id='word_1_168' title='bbox 180 2886 377 2938; x_wconf 68' lang='lat' dir='ltr'><strong>criminibus...</strong></span> <span class='ocrx_word' id='word_1_169' title='bbox 395 2904 493 2937; x_wconf 83' lang='lat' dir='ltr'><strong>ornare.</strong></span> <span class='ocrx_word' id='word_1_170' title='bbox 511 2887 619 2936; x_wconf 71' lang='lat' dir='ltr'><strong>Ambro-</strong></span> <span class='ocrx_word' id='word_1_171' title='bbox 663 2888 817 2936; x_wconf 65' lang='lat' dir='ltr'><strong>seutiam.</strong></span> 
     </span>
    </p>

    <p class='ocr_par' dir='ltr' id='par_1_7' title="bbox 104 2965 1178 3899">
     <span class='ocr_line' id='line_1_24' title="bbox 104 2965 1175 3033; baseline 0.002 -18"><span class='ocrx_word' id='word_1_172' title='bbox 104 2968 156 3015; x_wconf 75' lang='lat' dir='ltr'><strong>sius</strong></span> <span class='ocrx_word' id='word_1_173' title='bbox 173 2970 291 3016; x_wconf 68' lang='lat' dir='ltr'><strong>limem.</strong></span> <span class='ocrx_word' id='word_1_174' title='bbox 309 2966 356 3014; x_wconf 85' lang='lat' dir='ltr'><strong>lib.</strong></span> <span class='ocrx_word' id='word_1_175' title='bbox 368 2970 408 3025; x_wconf 89' lang='lat'><strong>11,</strong></span> <span class='ocrx_word' id='word_1_176' title='bbox 418 2983 475 3032; x_wconf 83' lang='lat' dir='ltr'><strong>rep.</strong></span> <span class='ocrx_word' id='word_1_177' title='bbox 487 2969 503 3027; x_wconf 69' lang='grc'><strong><em>4</em></strong></span> <span class='ocrx_word' id='word_1_178' title='bbox 513 3001 520 3026; x_wconf 91' lang='lat'><strong>,</strong></span> <span class='ocrx_word' id='word_1_179' title='bbox 530 2983 558 3015; x_wconf 90' lang='lat' dir='ltr'><strong>u.</strong></span> <span class='ocrx_word' id='word_1_180' title='bbox 571 2966 620 3017; x_wconf 81' lang='lat'><strong>15:</strong></span> <span class='ocrx_word' id='word_1_181' title='bbox 700 2968 726 3023; x_wconf 73' lang='grc'><strong>4.</strong></span> <span class='ocrx_word' id='word_1_182' title='bbox 744 2968 882 3030; x_wconf 80' lang='lat' dir='ltr'><strong>Tarrquanr</strong></span> <span class='ocrx_word' id='word_1_183' title='bbox 897 2965 922 3014; x_wconf 86' lang='lat' dir='ltr'><strong>r&#39;rr</strong></span> <span class='ocrx_word' id='word_1_184' title='bbox 934 2967 1069 3032; x_wconf 73' lang='lat' dir='ltr'><strong>gurgustio.</strong></span> <span class='ocrx_word' id='word_1_185' title='bbox 1086 2970 1146 3033; x_wconf 80' lang='lat' dir='ltr'><strong>Reg.</strong></span> <span class='ocrx_word' id='word_1_186' title='bbox 1161 2987 1175 3017; x_wconf 80' lang='lat' dir='ltr'><strong>a</strong></span> 
     </span>
     <span class='ocr_line' id='line_1_25' title="bbox 106 3043 1175 3113; baseline -0.001 -17"><span class='ocrx_word' id='word_1_187' title='bbox 106 3068 119 3089; x_wconf 86' lang='lat'><strong>·</strong></span> <span class='ocrx_word' id='word_1_188' title='bbox 130 3045 317 3109; x_wconf 76' lang='lat' dir='ltr'><strong>Curium,quod</strong></span> <span class='ocrx_word' id='word_1_189' title='bbox 326 3043 422 3113; x_wconf 72' lang='grc' dir='ltr'><strong>οὐρανὸς</strong></span> <span class='ocrx_word' id='word_1_190' title='bbox 432 3061 509 3110; x_wconf 72' lang='lat' dir='ltr'><strong>greeae</strong></span> <span class='ocrx_word' id='word_1_191' title='bbox 519 3045 619 3107; x_wconf 80' lang='lat' dir='ltr'><strong>dicitur,</strong></span> <span class='ocrx_word' id='word_1_192' title='bbox 663 3043 769 3093; x_wconf 84' lang='lat' dir='ltr'><strong>seeuuds</strong></span> <span class='ocrx_word' id='word_1_193' title='bbox 793 3058 883 3104; x_wconf 84' lang='lat' dir='ltr'><strong>mauu,</strong></span> <span class='ocrx_word' id='word_1_194' title='bbox 899 3068 912 3087; x_wconf 86' lang='lat'><strong>·</strong></span> <span class='ocrx_word' id='word_1_195' title='bbox 922 3053 1044 3110; x_wconf 77' lang='lat' dir='ltr'><strong>tamqnam</strong></span> <span class='ocrx_word' id='word_1_196' title='bbox 1064 3049 1090 3094; x_wconf 90' lang='lat' dir='ltr'><strong>iu</strong></span> <span class='ocrx_word' id='word_1_197' title='bbox 1107 3064 1175 3111; x_wconf 81' lang='lat' dir='ltr'><strong>erge-</strong></span> 
     </span>
     <span class='ocr_line' id='line_1_26' title="bbox 104 3123 1175 3188; baseline 0.001 -15"><span class='ocrx_word' id='word_1_198' title='bbox 104 3123 385 3188; x_wconf 78' lang='lat' dir='ltr'><strong>lutine,quisimpresse</strong></span> <span class='ocrx_word' id='word_1_199' title='bbox 392 3123 517 3173; x_wconf 79' lang='lat' dir='ltr'><strong>stellarum</strong></span> <span class='ocrx_word' id='word_1_200' title='bbox 526 3123 619 3172; x_wconf 82' lang='lat' dir='ltr'><strong>lumina</strong></span> <span class='ocrx_word' id='word_1_201' title='bbox 662 3123 757 3171; x_wconf 80' lang='lat' dir='ltr'><strong>stulu».</strong></span> <span class='ocrx_word' id='word_1_202' title='bbox 776 3125 851 3173; x_wconf 79' lang='lat' dir='ltr'><strong>Haud</strong></span> <span class='ocrx_word' id='word_1_203' title='bbox 870 3124 985 3175; x_wconf 80' lang='lat' dir='ltr'><strong>videlieet</strong></span> <span class='ocrx_word' id='word_1_204' title='bbox 1001 3126 1175 3176; x_wconf 80' lang='lat' dir='ltr'><strong>intellexerunt</strong></span> 
     </span>
     <span class='ocr_line' id='line_1_27' title="bbox 105 3202 1174 3270; baseline 0.004 -19"><span class='ocrx_word' id='word_1_205' title='bbox 105 3203 253 3268; x_wconf 74' lang='lat' dir='ltr'><strong>velutsigue</strong></span> <span class='ocrx_word' id='word_1_206' title='bbox 264 3202 369 3261; x_wconf 76' lang='lat' dir='ltr'><strong>hebeat,</strong></span> <span class='ocrx_word' id='word_1_207' title='bbox 381 3202 619 3267; x_wconf 71' lang='lat' dir='ltr'><strong>umquamceletum</strong></span> <span class='ocrx_word' id='word_1_208' title='bbox 662 3203 767 3262; x_wconf 84' lang='lat' dir='ltr'><strong>librarii,</strong></span> <span class='ocrx_word' id='word_1_209' title='bbox 788 3202 849 3268; x_wconf 86' lang='lat' dir='ltr'><strong>quid</strong></span> <span class='ocrx_word' id='word_1_210' title='bbox 869 3204 942 3252; x_wconf 80' lang='lat' dir='ltr'><strong>fuerit</strong></span> <span class='ocrx_word' id='word_1_211' title='bbox 962 3206 1127 3270; x_wconf 70' lang='lat' dir='ltr'><strong>gurgustium.</strong></span> <span class='ocrx_word' id='word_1_212' title='bbox 1144 3208 1174 3255; x_wconf 87' lang='lat' dir='ltr'><strong>ld</strong></span> 
     </span>
     <span class='ocr_line' id='line_1_28' title="bbox 104 3279 1173 3347; baseline 0.003 -17"><span class='ocrx_word' id='word_1_213' title='bbox 104 3282 244 3347; x_wconf 77' lang='lat' dir='ltr'><strong>appelletur</strong></span> <span class='ocrx_word' id='word_1_214' title='bbox 261 3301 281 3328; x_wconf 80' lang='grc' dir='ltr'><strong>ι.</strong></span> <span class='ocrx_word' id='word_1_215' title='bbox 307 3281 399 3329; x_wconf 76' lang='lat' dir='ltr'><strong>Pariter</strong></span> <span class='ocrx_word' id='word_1_216' title='bbox 423 3279 500 3329; x_wconf 74' lang='lat' dir='ltr'><strong>stelle</strong></span> <span class='ocrx_word' id='word_1_217' title='bbox 525 3280 620 3330; x_wconf 78' lang='lat' dir='ltr'><strong>Graecis</strong></span> <span class='ocrx_word' id='word_1_218' title='bbox 662 3292 744 3329; x_wconf 82' lang='lat' dir='ltr'><strong>eutem</strong></span> <span class='ocrx_word' id='word_1_219' title='bbox 763 3283 835 3330; x_wconf 77' lang='lat' dir='ltr'><strong>Festo</strong></span> <span class='ocrx_word' id='word_1_220' title='bbox 853 3281 945 3330; x_wconf 86' lang='lat' dir='ltr'><strong>dicitur</strong></span> <span class='ocrx_word' id='word_1_221' title='bbox 962 3298 1060 3345; x_wconf 73' lang='lat' dir='ltr'><strong>egenus</strong></span> <span class='ocrx_word' id='word_1_222' title='bbox 1080 3284 1173 3334; x_wconf 80' lang='lat' dir='ltr'><strong>habita-</strong></span> 
     </span>
     <span class='ocr_line' id='line_1_29' title="bbox 104 3355 1176 3428; baseline 0.002 -18"><span class='ocrx_word' id='word_1_223' title='bbox 104 3358 187 3428; x_wconf 72' lang='lat' dir='ltr'><strong>rsipsu</strong></span> <span class='ocrx_word' id='word_1_224' title='bbox 213 3370 272 3407; x_wconf 80' lang='lat' dir='ltr'><strong>suut</strong></span> <span class='ocrx_word' id='word_1_225' title='bbox 299 3369 325 3407; x_wconf 83' lang='lat' dir='ltr'><strong>et</strong></span> <span class='ocrx_word' id='word_1_226' title='bbox 352 3355 450 3426; x_wconf 62' lang='grc' dir='ltr'>σῴατα</span> <span class='ocrx_word' id='word_1_227' title='bbox 477 3360 618 3409; x_wconf 73' lang='lat' dir='ltr'><strong>nominate.</strong></span> <span class='ocrx_word' id='word_1_228' title='bbox 663 3360 739 3408; x_wconf 69' lang='lat' dir='ltr'><strong>nouis</strong></span> <span class='ocrx_word' id='word_1_229' title='bbox 757 3365 917 3424; x_wconf 67' lang='lat' dir='ltr'><strong>angustum».</strong></span> <span class='ocrx_word' id='word_1_230' title='bbox 938 3363 1069 3410; x_wconf 82' lang='lat' dir='ltr'><strong>Suetonius</strong></span> <span class='ocrx_word' id='word_1_231' title='bbox 1090 3364 1121 3411; x_wconf 83' lang='lat' dir='ltr'><strong>de</strong></span> <span class='ocrx_word' id='word_1_232' title='bbox 1142 3365 1176 3412; x_wconf 75' lang='grc' dir='ltr'><strong>ΙΙ·</strong></span> 
     </span>
     <span class='ocr_line' id='line_1_30' title="bbox 106 3437 1176 3515; baseline 0.006 -27"><span class='ocrx_word' id='word_1_233' title='bbox 106 3439 203 3488; x_wconf 80' lang='lat' dir='ltr'><strong>Acerbe</strong></span> <span class='ocrx_word' id='word_1_234' title='bbox 218 3438 343 3486; x_wconf 76' lang='lat' dir='ltr'><strong>invehitur</strong></span> <span class='ocrx_word' id='word_1_235' title='bbox 357 3437 554 3488; x_wconf 81' lang='lat' dir='ltr'><strong>Heiudorflusin</strong></span> <span class='ocrx_word' id='word_1_236' title='bbox 574 3440 620 3487; x_wconf 81' lang='lat' dir='ltr'><strong>Er·</strong></span> <span class='ocrx_word' id='word_1_237' title='bbox 663 3439 735 3488; x_wconf 81' lang='lat' dir='ltr'><strong>lustr.</strong></span> <span class='ocrx_word' id='word_1_238' title='bbox 760 3441 899 3490; x_wconf 79' lang='lat' dir='ltr'><strong>Graunnor.¹</strong></span> <span class='ocrx_word' id='word_1_239' title='bbox 917 3457 971 3515; x_wconf 79' lang='lat' dir='ltr'><strong>cap.</strong></span> <span class='ocrx_word' id='word_1_240' title='bbox 995 3459 1026 3505; x_wconf 85' lang='lat'><strong>9,</strong></span> <span class='ocrx_word' id='word_1_241' title='bbox 1047 3445 1176 3494; x_wconf 77' lang='lat' dir='ltr'><strong>«Additus</strong></span> 
     </span>
     <span class='ocr_line' id='line_1_31' title="bbox 105 3516 1176 3584; baseline 0.004 -17"><span class='ocrx_word' id='word_1_242' title='bbox 105 3519 169 3567; x_wconf 80' lang='lat' dir='ltr'><strong>nesti</strong></span> <span class='ocrx_word' id='word_1_243' title='bbox 189 3516 350 3575; x_wconf 79' lang='lat' dir='ltr'><strong>seutemism,</strong></span> <span class='ocrx_word' id='word_1_244' title='bbox 365 3518 409 3581; x_wconf 84' lang='lat' dir='ltr'><strong>qul</strong></span> <span class='ocrx_word' id='word_1_245' title='bbox 425 3517 474 3565; x_wconf 84' lang='lat' dir='ltr'><strong>hoo</strong></span> <span class='ocrx_word' id='word_1_246' title='bbox 493 3517 553 3566; x_wconf 87' lang='lat' dir='ltr'><strong>loeo</strong></span> <span class='ocrx_word' id='word_1_247' title='bbox 572 3518 621 3566; x_wconf 86' lang='lat' dir='ltr'><strong>eie·</strong></span> <span class='ocrx_word' id='word_1_248' title='bbox 664 3518 763 3567; x_wconf 83' lang='lat' dir='ltr'><strong>modico</strong></span> <span class='ocrx_word' id='word_1_249' title='bbox 776 3520 934 3584; x_wconf 72' lang='lat' dir='ltr'><strong>gurgustio».</strong></span> <span class='ocrx_word' id='word_1_250' title='bbox 949 3518 1043 3570; x_wconf 73' lang='lat' dir='ltr'><strong>Eadem</strong></span> <span class='ocrx_word' id='word_1_251' title='bbox 1057 3540 1117 3572; x_wconf 82' lang='lat' dir='ltr'><strong>rone</strong></span> <span class='ocrx_word' id='word_1_252' title='bbox 1129 3526 1176 3575; x_wconf 82' lang='lat' dir='ltr'><strong>uri·</strong></span> 
     </span>
     <span class='ocr_line' id='line_1_32' title="bbox 106 3596 1177 3667; baseline 0.006 -21"><span class='ocrx_word' id='word_1_253' title='bbox 106 3608 204 3662; x_wconf 72' lang='lat' dir='ltr'><strong>gentem</strong></span> <span class='ocrx_word' id='word_1_254' title='bbox 213 3597 301 3645; x_wconf 86' lang='lat' dir='ltr'><strong>¹iusum</strong></span> <span class='ocrx_word' id='word_1_255' title='bbox 314 3597 439 3662; x_wconf 71' lang='lat' dir='ltr'><strong>agnoseit,</strong></span> <span class='ocrx_word' id='word_1_256' title='bbox 452 3596 572 3661; x_wconf 81' lang='lat' dir='ltr'><strong>ideoque,</strong></span> <span class='ocrx_word' id='word_1_257' title='bbox 589 3613 621 3645; x_wconf 85' lang='lat' dir='ltr'><strong>ue</strong></span> <span class='ocrx_word' id='word_1_258' title='bbox 664 3609 705 3646; x_wconf 84' lang='lat' dir='ltr'><strong>tur</strong></span> <span class='ocrx_word' id='word_1_259' title='bbox 718 3598 805 3648; x_wconf 86' lang='lat' dir='ltr'><strong>Cicero</strong></span> <span class='ocrx_word' id='word_1_260' title='bbox 819 3600 846 3646; x_wconf 89' lang='lat' dir='ltr'><strong>in</strong></span> <span class='ocrx_word' id='word_1_261' title='bbox 860 3601 981 3660; x_wconf 79' lang='lat' dir='ltr'><strong>Pisonem,</strong></span> <span class='ocrx_word' id='word_1_262' title='bbox 994 3618 1047 3667; x_wconf 77' lang='lat' dir='ltr'><strong>esp.</strong></span> <span class='ocrx_word' id='word_1_263' title='bbox 1060 3605 1085 3662; x_wconf 81' lang='lat'><strong>6,</strong></span> <span class='ocrx_word' id='word_1_264' title='bbox 1096 3615 1120 3651; x_wconf 86' lang='lat' dir='ltr'><strong>et</strong></span> <span class='ocrx_word' id='word_1_265' title='bbox 1128 3640 1135 3664; x_wconf 91' lang='lat'><strong>,</strong></span> <span class='ocrx_word' id='word_1_266' title='bbox 1146 3621 1177 3652; x_wconf 87' lang='lat' dir='ltr'><strong>ne</strong></span> 
     </span>
     <span class='ocr_line' id='line_1_33' title="bbox 105 3675 1177 3743; baseline 0.006 -18"><span class='ocrx_word' id='word_1_267' title='bbox 105 3678 147 3725; x_wconf 83' lang='lat' dir='ltr'><strong>ilie</strong></span> <span class='ocrx_word' id='word_1_268' title='bbox 167 3676 289 3733; x_wconf 75' lang='lat' dir='ltr'><strong>turbetur,</strong></span> <span class='ocrx_word' id='word_1_269' title='bbox 308 3675 391 3724; x_wconf 73' lang='lat' dir='ltr'><strong>abesse</strong></span> <span class='ocrx_word' id='word_1_270' title='bbox 407 3676 462 3725; x_wconf 77' lang='lat' dir='ltr'><strong>vuit</strong></span> <span class='ocrx_word' id='word_1_271' title='bbox 481 3692 555 3725; x_wconf 85' lang='lat' dir='ltr'><strong>roees</strong></span> <span class='ocrx_word' id='word_1_272' title='bbox 572 3698 583 3720; x_wconf 82' lang='grc' dir='ltr'>ι</span> <span class='ocrx_word' id='word_1_273' title='bbox 595 3687 619 3725; x_wconf 86' lang='lat' dir='ltr'><strong>et</strong></span> <span class='ocrx_word' id='word_1_274' title='bbox 664 3679 795 3741; x_wconf 77' lang='lat' dir='ltr'><strong>scriptores</strong></span> <span class='ocrx_word' id='word_1_275' title='bbox 807 3677 867 3726; x_wconf 80' lang='lat' dir='ltr'><strong>eiius</strong></span> <span class='ocrx_word' id='word_1_276' title='bbox 876 3696 1020 3738; x_wconf 80' lang='lat' dir='ltr'><strong>memorem,</strong></span> <span class='ocrx_word' id='word_1_277' title='bbox 1032 3682 1177 3743; x_wconf 77' lang='lat' dir='ltr'><strong>Ambrosius</strong></span> 
     </span>
     <span class='ocr_line' id='line_1_34' title="bbox 105 3753 1178 3824; baseline 0.006 -19"><span class='ocrx_word' id='word_1_278' title='bbox 105 3755 272 3805; x_wconf 77' lang='lat' dir='ltr'><strong>inminibusa.</strong></span> <span class='ocrx_word' id='word_1_279' title='bbox 291 3757 407 3820; x_wconf 80' lang='lat' dir='ltr'><strong>Ineptum</strong></span> <span class='ocrx_word' id='word_1_280' title='bbox 428 3753 536 3819; x_wconf 80' lang='lat' dir='ltr'><strong>appellet</strong></span> <span class='ocrx_word' id='word_1_281' title='bbox 553 3755 634 3811; x_wconf 60' lang='lat' dir='ltr'><strong>huuc,</strong></span> <span class='ocrx_word' id='word_1_282' title='bbox 664 3760 782 3805; x_wconf 83' lang='lat' dir='ltr'><strong>Hexsem.</strong></span> <span class='ocrx_word' id='word_1_283' title='bbox 798 3758 842 3807; x_wconf 88' lang='lat' dir='ltr'><strong>iib.</strong></span> <span class='ocrx_word' id='word_1_284' title='bbox 858 3761 885 3815; x_wconf 90' lang='lat'><strong>1,</strong></span> <span class='ocrx_word' id='word_1_285' title='bbox 904 3775 958 3824; x_wconf 79' lang='lat' dir='ltr'><strong>esp.</strong></span> <span class='ocrx_word' id='word_1_286' title='bbox 976 3762 1006 3821; x_wconf 74' lang='grc' dir='ltr'><strong>Β,</strong></span> <span class='ocrx_word' id='word_1_287' title='bbox 1032 3778 1058 3809; x_wconf 91' lang='lat' dir='ltr'><strong>u.</strong></span> <span class='ocrx_word' id='word_1_288' title='bbox 1080 3762 1132 3822; x_wconf 66' lang='lat' dir='ltr'><strong>Su,</strong></span> <span class='ocrx_word' id='word_1_289' title='bbox 1153 3774 1178 3810; x_wconf 83' lang='lat' dir='ltr'><strong>ot</strong></span> 
     </span>
     <span class='ocr_line' id='line_1_35' title="bbox 105 3833 989 3899; baseline 0.006 -17"><span class='ocrx_word' id='word_1_290' title='bbox 105 3835 202 3892; x_wconf 87' lang='lat' dir='ltr'><strong>lusum,</strong></span> <span class='ocrx_word' id='word_1_291' title='bbox 217 3835 330 3881; x_wconf 77' lang='lat' dir='ltr'><strong>nimirum</strong></span> <span class='ocrx_word' id='word_1_292' title='bbox 341 3844 368 3882; x_wconf 87' lang='lat' dir='ltr'><strong>ut</strong></span> <span class='ocrx_word' id='word_1_293' title='bbox 378 3833 451 3882; x_wconf 87' lang='lat' dir='ltr'><strong>nobis</strong></span> <span class='ocrx_word' id='word_1_294' title='bbox 466 3834 621 3883; x_wconf 83' lang='lat' dir='ltr'><strong>commendet</strong></span> <span class='ocrx_word' id='word_1_295' title='bbox 666 3837 744 3899; x_wconf 81' lang='lat' dir='ltr'><strong>Epist.</strong></span> <span class='ocrx_word' id='word_1_296' title='bbox 755 3836 877 3894; x_wconf 75' lang='lat' dir='ltr'><strong>xxm,</strong></span> <span class='ocrx_word' id='word_1_297' title='bbox 890 3844 914 3894; x_wconf 63' lang='grc' dir='ltr'><strong>Ι..</strong></span> <span class='ocrx_word' id='word_1_298' title='bbox 924 3839 989 3887; x_wconf 72' lang='lat' dir='ltr'><strong>Der.</strong></span> 
     </span>
    </p>

    <p class='ocr_par' dir='ltr' id='par_1_8' title="bbox 106 3913 1178 4218">
     <span class='ocr_line' id='line_1_36' title="bbox 106 3913 1176 3984; baseline 0.006 -22"><span class='ocrx_word' id='word_1_299' title='bbox 106 3916 274 3975; x_wconf 79' lang='lat' dir='ltr'><strong>conjecturem</strong></span> <span class='ocrx_word' id='word_1_300' title='bbox 292 3928 375 3972; x_wconf 86' lang='lat' dir='ltr'><strong>suam,</strong></span> <span class='ocrx_word' id='word_1_301' title='bbox 392 3928 466 3976; x_wconf 79' lang='lat' dir='ltr'><strong>quem</strong></span> <span class='ocrx_word' id='word_1_302' title='bbox 480 3924 505 3960; x_wconf 80' lang='lat' dir='ltr'><strong>et</strong></span> <span class='ocrx_word' id='word_1_303' title='bbox 518 3913 620 3961; x_wconf 81' lang='lat' dir='ltr'><strong>Sobuei·</strong></span> <span class='ocrx_word' id='word_1_304' title='bbox 702 3917 726 3964; x_wconf 79' lang='lat'><strong>5.</strong></span> <span class='ocrx_word' id='word_1_305' title='bbox 737 3919 777 3962; x_wconf 80' lang='lat' dir='ltr'><strong>Aer</strong></span> <span class='ocrx_word' id='word_1_306' title='bbox 796 3916 1023 3966; x_wconf 73' lang='lat' dir='ltr'><strong>srulrommrsrutrt</strong></span> <span class='ocrx_word' id='word_1_307' title='bbox 1042 3920 1108 3984; x_wconf 84' lang='lat' dir='ltr'><strong>spud</strong></span> <span class='ocrx_word' id='word_1_308' title='bbox 1122 3916 1176 3984; x_wconf 86' lang='lat' dir='ltr'><strong>phi-</strong></span> 
     </span>
     <span class='ocr_line' id='line_1_37' title="bbox 108 3991 1176 4061; baseline 0.006 -21"><span class='ocrx_word' id='word_1_309' title='bbox 108 3992 168 4040; x_wconf 87' lang='lat' dir='ltr'><strong>dero</strong></span> <span class='ocrx_word' id='word_1_310' title='bbox 188 3992 214 4037; x_wconf 92' lang='lat' dir='ltr'><strong>in</strong></span> <span class='ocrx_word' id='word_1_311' title='bbox 232 4003 338 4039; x_wconf 76' lang='lat' dir='ltr'><strong>mentem</strong></span> <span class='ocrx_word' id='word_1_312' title='bbox 358 3992 452 4039; x_wconf 79' lang='lat' dir='ltr'><strong>venisse</strong></span> <span class='ocrx_word' id='word_1_313' title='bbox 471 3991 532 4040; x_wconf 74' lang='lat' dir='ltr'><strong>dieis</strong></span> <span class='ocrx_word' id='word_1_314' title='bbox 548 4007 554 4041; x_wconf 89' lang='lat'>:</span> <span class='ocrx_word' id='word_1_315' title='bbox 568 3993 620 4041; x_wconf 80' lang='lat' dir='ltr'><strong>vult</strong></span> <span class='ocrx_word' id='word_1_316' title='bbox 665 3993 785 4059; x_wconf 84' lang='lat' dir='ltr'><strong>iosophos</strong></span> <span class='ocrx_word' id='word_1_317' title='bbox 814 3995 965 4058; x_wconf 80' lang='lat' dir='ltr'><strong>sapientibus</strong></span> <span class='ocrx_word' id='word_1_318' title='bbox 993 4011 1176 4061; x_wconf 77' lang='lat' dir='ltr'><strong>opponuntur:</strong></span> 
     </span>
     <span class='ocr_line' id='line_1_38' title="bbox 109 4069 1178 4138; baseline 0.007 -20"><span class='ocrx_word' id='word_1_319' title='bbox 109 4086 196 4134; x_wconf 83' lang='lat' dir='ltr'><strong>nempe</strong></span> <span class='ocrx_word' id='word_1_320' title='bbox 204 4069 269 4118; x_wconf 81' lang='lat' dir='ltr'><strong>ades</strong></span> <span class='ocrx_word' id='word_1_321' title='bbox 279 4070 316 4118; x_wconf 86' lang='lat' dir='ltr'><strong>rei</strong></span> <span class='ocrx_word' id='word_1_322' title='bbox 326 4070 457 4119; x_wconf 71' lang='lat' dir='ltr'><strong>adiudam</strong></span> <span class='ocrx_word' id='word_1_323' title='bbox 462 4089 473 4129; x_wconf 90' lang='lat'><strong>,·</strong></span> <span class='ocrx_word' id='word_1_324' title='bbox 483 4071 551 4135; x_wconf 86' lang='lat' dir='ltr'><strong>quod</strong></span> <span class='ocrx_word' id='word_1_325' title='bbox 561 4088 622 4120; x_wconf 87' lang='lat' dir='ltr'><strong>con·</strong></span> <span class='ocrx_word' id='word_1_326' title='bbox 665 4073 727 4138; x_wconf 81' lang='lat' dir='ltr'><strong>quis</strong></span> <span class='ocrx_word' id='word_1_327' title='bbox 738 4074 833 4122; x_wconf 78' lang='lat' dir='ltr'><strong>ratione</strong></span> <span class='ocrx_word' id='word_1_328' title='bbox 845 4073 983 4137; x_wconf 79' lang='lat' dir='ltr'><strong>discedunt,</strong></span> <span class='ocrx_word' id='word_1_329' title='bbox 990 4076 1008 4122; x_wconf 90' lang='lat' dir='ltr'><strong>ii</strong></span> <span class='ocrx_word' id='word_1_330' title='bbox 1018 4077 1088 4124; x_wconf 85' lang='lat' dir='ltr'><strong>simul</strong></span> <span class='ocrx_word' id='word_1_331' title='bbox 1099 4089 1124 4126; x_wconf 80' lang='lat' dir='ltr'><strong>et</strong></span> <span class='ocrx_word' id='word_1_332' title='bbox 1133 4078 1178 4125; x_wconf 88' lang='lat' dir='ltr'><strong>iru-</strong></span> 
     </span>
     <span class='ocr_line' id='line_1_39' title="bbox 110 4149 1166 4218; baseline 0.006 -20"><span class='ocrx_word' id='word_1_333' title='bbox 110 4152 192 4200; x_wconf 76' lang='lat' dir='ltr'><strong>rruire</strong></span> <span class='ocrx_word' id='word_1_334' title='bbox 203 4149 226 4198; x_wconf 88' lang='lat' dir='ltr'><strong>ei</strong></span> <span class='ocrx_word' id='word_1_335' title='bbox 241 4150 338 4199; x_wconf 82' lang='lat' dir='ltr'><strong>videtur</strong></span> <span class='ocrx_word' id='word_1_336' title='bbox 348 4150 435 4201; x_wconf 83' lang='lat' dir='ltr'><strong>melius</strong></span> <span class='ocrx_word' id='word_1_337' title='bbox 444 4167 500 4200; x_wconf 88' lang='lat' dir='ltr'><strong>curn</strong></span> <span class='ocrx_word' id='word_1_338' title='bbox 511 4153 621 4217; x_wconf 84' lang='lat' dir='ltr'><strong>sequenti</strong></span> <span class='ocrx_word' id='word_1_339' title='bbox 666 4152 739 4218; x_wconf 84' lang='lat' dir='ltr'><strong>probi</strong></span> <span class='ocrx_word' id='word_1_340' title='bbox 749 4152 841 4202; x_wconf 81' lang='lat' dir='ltr'><strong>etmale</strong></span> <span class='ocrx_word' id='word_1_341' title='bbox 848 4156 900 4202; x_wconf 85' lang='lat' dir='ltr'><strong>seni</strong></span> <span class='ocrx_word' id='word_1_342' title='bbox 911 4170 955 4204; x_wconf 87' lang='lat' dir='ltr'><strong>ceu</strong></span> <span class='ocrx_word' id='word_1_343' title='bbox 965 4156 1034 4204; x_wconf 82' lang='lat' dir='ltr'><strong>stulti</strong></span> <span class='ocrx_word' id='word_1_344' title='bbox 1042 4155 1166 4205; x_wconf 84' lang='lat' dir='ltr'><strong>dicuntur.</strong></span> 
     </span>
    </p>
   </div>
   <div class='ocr_carea' id='block_1_4' title="bbox 0 0 1339 4776">
    <p class='ocr_par' dir='ltr' id='par_1_9' title="bbox 0 0 1339 4776">
     <span class='ocr_line' id='line_1_40' title="bbox 0 0 1339 4776; baseline 0 0"><span class='ocrx_word' id='word_1_345' title='bbox 0 0 1339 4776; x_wconf 95' lang='lat' dir='ltr'><strong> </strong></span> 
     </span>
    </p>
   </div>
  </div>
 </body>
</html>
