2648 4776
99 382 568 404 ΜΜδἊΜὶἏΜΜΜΜ
575 384 1176 411 ΜΜΜΜΜΜΜΜΜΜΜ

367 508 912 678 succursurum

469 788 623 858 LIBRI
646 789 808 858 PRIMI.

102 968 134 1022 In
148 963 192 1022 his
211 961 297 1022 libris
317 967 349 1023 C.
361 962 503 1036 Velleius,
521 964 651 1023 Lucilius
665 963 774 1024 Balbus
790 977 820 1023 et
838 967 871 1025 C.
890 969 978 1025 Cotta
999 966 1178 1038 inductmtur

139 1061 322 1142 disputantes
348 1060 385 1119 de
413 1074 519 1120 natura
550 1060 693 1136 deorum,
715 1062 853 1122 audiente
877 1063 1028 1123 Cicerone.
1051 1067 1180 1127 Velleius

138 1160 312 1239 Epicuream
343 1158 487 1217 rationem
521 1159 672 1239 explicat,
706 1158 814 1219 Balbus
840 1160 986 1235 Stoicam,
1020 1176 1049 1222 et
1077 1179 1180 1225 contra

139 1269 294 1334 utramque
324 1253 441 1313 disserit
468 1253 662 1314 Academicus
696 1260 801 1329 Cotta,
829 1255 884 1316 sub
915 1257 998 1335 cujus
1033 1280 1177 1339 persona,

138 1371 315 1431 quamquam
330 1349 509 1424 dissimulat,
520 1364 562 1435 *et
574 1352 667 1411 Stoici
688 1371 718 1411 se
738 1352 883 1411 rationem
898 1353 1027 1433 probare
1042 1359 1178 1429 simulat,

139 1461 234 1508 tamen
254 1450 327 1508 latet
348 1449 465 1508 Cicero·
490 1448 564 1522 Quis
589 1449 667 1506 enim
688 1447 803 1519 credat,
827 1446 911 1508 verbi
931 1471 1034 1524 causa,
1055 1455 1177 1515 Cicero-

137 1566 201 1605 nem
216 1542 474 1625 praedictionibus,
500 1543 736 1625 apparitionibus
759 1544 901 1621 deorum,
922 1550 1044 1609 ostentis
1064 1551 1176 1630 aliquid

138 1643 291 1705 tribuisse?
305 1648 340 1701 In
356 1643 453 1722 primo
468 1661 539 1719 ergo
555 1640 632 1700 libro
648 1642 778 1701 Velleius
793 1656 824 1702 et
837 1647 923 1703 Cotta
939 1645 1098 1724 disputant.
1116 1650 1178 1707 lni-

137 1741 207 1800 tium
223 1739 392 1820 disputandi
409 1738 479 1797 facit
491 1738 637 1808 Velleius,
656 1738 819 1819 etquidem
834 1760 851 1799 a
868 1741 1098 1820 reprehensione
1111 1746 1177 1804 Pla-

138 1840 240 1898 tonicae
255 1858 288 1897 ac
305 1837 410 1898 Stoica·
422 1835 560 1911 rationis,
571 1855 694 1914 quarum
709 1836 759 1895 illa
770 1836 914 1896 mundum
928 1859 945 1897 a
959 1839 1016 1899 deo
1031 1854 1179 1921 tamquam
1245 1910 1248 1916 ,

137 1936 240 2015 opifice
256 1948 344 2014 atque
362 1933 540 1993 edificatore
564 1934 731 2014 proiectum
753 1933 918 2015 pugnabat,
941 1918 1032 1997 altera
1049 1951 1180 2021 πρόνοιαν,

140 2034 356 2112 providentiam
379 2030 556 2104 inducebat,
573 2051 591 2090 a
612 2052 670 2112 qua
692 2033 820 2092 muudus
840 2033 964 2095 effectus
979 2036 1017 2095 sit
1034 2049 1063 2095 et
1083 2038 1179 2098 admi-

136 2139 289 2208 nistretur,
302 2144 428 2210 utraque
442 2143 540 2193 autem
552 2128 695 2191 mundum
708 2132 807 2191 animo
821 2144 851 2191 et
864 2130 997 2192 sensibus
1006 2135 1176 2213 praeditum,

137 2233 314 2304 rotundum,
329 2229 480 2288 ardentem
500 2225 720 2307 volubilemque
743 2226 882 2303 iaciebat,
904 2249 968 2308 cap.
986 2232 1072 2290 8-10.
1092 2226 1176 2293 ileli-

137 2350 262 2413 quorum
277 2325 384 2386 deinde
401 2325 531 2384 omnium
546 2324 792 2405 philosophorum
811 2324 880 2385 inde
893 2347 911 2386 a
924 2327 1046 2387 Thalete
1060 2329 1097 2389 de
1117 2331 1173 2391 deo

137 2428 286 2491 sententiis
300 2425 431 2485 breviter
445 2425 681 2483 commemoratis
701 2436 732 2483 et
752 2423 954 2503 reprehensis,
976 2446 1040 2505 cap.
1060 2431 1171 2502 10-15,

136 2529 171 2589 ad
196 2530 290 2608 ipsam
314 2523 488 2603 Epicuream
511 2518 549 2578 de
577 2519 633 2579 diis
657 2520 801 2580 rationem
823 2521 1025 2601 explicandam
1046 2525 1173 2600 accedit,

134 2626 220 2706 quam
245 2639 332 2705 unam
356 2637 455 2676 veram
476 2615 631 2676 existimat
659 2615 745 2677 Solus
768 2615 913 2697 Epicurus
935 2617 1018 2692 vidit,
1042 2621 1170 2700 primum

135 2743 194 2784 esse
209 2720 296 2788 deos,
306 2715 387 2797 quod
398 2715 429 2773 in
442 2714 571 2773 omnium
582 2713 686 2773 animis
699 2733 801 2774 eorum
815 2714 964 2777 uodonem
977 2718 1169 2800 impressisset

134 2833 248 2886 natura,
256 2829 286 2874 et
297 2815 358 2874 sine
369 2811 502 2870 doctrina
516 2809 756 2890 anticipationem
770 2811 927 2891 quamdam
941 2811 1170 2896 deorum,quam

92 2946 97 2961 ·
135 2917 262 2999 appellat
272 2921 387 2995 spatula
401 2911 562 2989 Epicurus,
576 2909 639 2967 sine
651 2929 709 2989 qua
726 2929 780 2967 nec
788 2909 911 2989 intelligi
925 2910 1102 2991 quidquam,
1116 2936 1172 2975 nec

135 3013 239 3094 quaeri,
250 3030 305 3069 nec
320 3006 464 3087 disputari
474 3016 589 3085 potest:
607 3002 637 3063 id
652 3024 688 3064 ex
703 3024 739 3063 eo
755 3005 937 3089 intelligitur,
943 3006 1024 3085 quod
1038 3012 1169 3071 omnium

134 3110 285 3172 hominurn
301 3106 331 3164 in
346 3124 381 3163 eo
401 3114 444 3160 est
459 3103 533 3160 mira
549 3101 716 3176 consensio,
740 3113 773 3160 ut
786 3101 858 3160 deos
875 3122 938 3161 esse
953 3115 1091 3164 statuant.
1108 3109 1166 3168 Sed

133 3210 220 3269 etiam
232 3207 310 3264 hanc
322 3200 559 3279 anticipationem
574 3198 716 3258 habemus
731 3199 791 3258 sive
803 3200 1014 3278 praenotionem
1030 3201 1167 3282 deorum,

134 3319 167 3366 ut
179 3305 296 3374 beatos,
311 3296 506 3365 immortales,
528 3308 674 3374 putemus.
697 3300 816 3375 Exque
833 3298 1029 3376 consequitur,
1046 3313 1079 3359 ut
1093 3303 1166 3365 nihil

135 3403 243 3484 negotii
257 3419 311 3459 nec
327 3396 383 3475 ipsi
397 3392 540 3466 habeant,
556 3414 610 3452 nec
623 3393 687 3452 aliis
703 3393 870 3463 exhibeant,
888 3384 1054 3482 nequeiira,
1070 3420 1164 3483 neque

134 3502 226 3583 gratia
242 3507 406 3566 teneantur,
420 3490 517 3571 quod,
540 3510 606 3569 quae
627 3491 696 3549 talia
709 3505 791 3561 sunt,
813 3490 959 3551 imbecilla
978 3507 1045 3571 sunt
1058 3499 1165 3557 onmia.

133 3600 167 3660 ld
179 3600 204 3661 si
217 3597 257 3656 ita
273 3607 331 3666 cst,
345 3592 393 3672 pie
406 3589 522 3649 colendi
536 3601 604 3646 sunt
621 3588 798 3668 diiupropter
812 3603 998 3667 praestantem
1014 3606 1164 3670 naturam,

133 3695 216 3756 nullo
233 3704 329 3752 autem
344 3686 433 3747 modo
450 3685 590 3759 timendi;
604 3705 663 3764 quo
681 3706 740 3744 uno
760 3686 854 3744 omnis
868 3689 1036 3766 superstitio
1058 3692 1164 3753 evc'rti-

87 3768 90 3773 *
133 3806 189 3867 tur,
201 3811 267 3870 cap.
285 3789 384 3859 16,17.
399 3783 455 3844 Sed
472 3782 507 3840 ad
523 3782 598 3842 hunc
613 3782 781 3865 opinionem
796 3783 1022 3845 confirmandam
1036 3791 1165 3866 anquirit

114 3904 117 3914 ’
134 3891 246 3951 animus
258 3888 397 3956 formam,
410 3881 544 3940 vitamet
558 3882 702 3940 actionem
718 3881 823 3941 mentis
834 3895 921 3961 atquc
935 3884 1122 3962 agitationem
1133 3891 1164 3948 in

134 3989 198 4049 deo.
225 3991 262 4046 Et
281 3985 374 4062 figura
388 3966 506 4059 quidem
520 3978 601 4038 nulla
613 3978 669 4039 alin
688 3998 750 4038 esse
763 3980 818 4039 nisi
833 3978 960 4066 bumana
976 3996 1087 4061 potest,
1098 3988 1163 4065 pri-

134 4107 227 4156 mum,
243 4081 324 4163 quod
346 4091 451 4138 natura
468 4076 594 4161 speciem
614 4077 699 4161 aliam
715 4076 838 4137 deorum
852 4096 912 4137 nou
932 4077 1090 4157 babemus3
1114 4085 1165 4144 de-

1016 4213 1043 4258 1.
