2648 4776
105 427 108 431 ,
182 376 241 422 xvi
595 354 836 421 PRAEFATIO.

181 475 271 563 genti
287 472 421 554 editori,
438 489 475 536 ut
487 496 529 536 ne
546 472 657 538 sordes
670 473 803 562 quidem
813 472 988 561 refugeret.
1005 475 1053 537 Ac
1069 495 1169 559 quam
1183 477 1252 540 rim

180 603 217 644 ea
234 603 285 644 res
304 580 436 658 habeat,
450 602 579 643 meeum
598 603 694 667 spero
705 580 887 669 intelligent
904 577 1096 643 eruditiores
1115 603 1251 664 omnes,

179 685 254 772 qui,
279 700 317 748 ut
334 684 398 748 hoc
423 700 505 764 utar,
528 684 580 748 vel
597 684 672 747 libri
696 682 831 748 secundi
853 683 913 747 tria
934 684 1039 771 capita
1064 683 1177 773 25·27,
1198 689 1252 751 rel

178 790 253 854 libri
280 790 366 854 tertii
396 791 558 877 quinque,
588 789 664 852 inde
685 812 703 851 a
727 813 794 878 cap.
817 790 856 853 16
878 788 1044 876 usquead
1073 790 1186 878 capitis
1208 784 1255 856 23¹

178 911 320 959 extrema
334 897 477 959 lectitare
490 895 523 956 in
539 911 650 957 nostra
663 893 806 957 editione
821 894 931 958 velint.
940 894 1172 959 Verumtamen
1188 897 1253 984 ipsi

176 999 340 1080 videmus,
352 998 429 1061 inde
443 1015 554 1062 natum
565 998 647 1062 illud
659 1021 746 1079 esse,
758 1015 795 1062 ut
806 999 950 1078 subjecta
962 1001 1064 1063 textui
1079 1002 1251 1066 annotatio

177 1107 297 1169 mirum
321 1119 481 1191 quantum
503 1106 731 1169 intumesceret
756 1122 789 1168 et
811 1105 958 1168 horreret
980 1105 1150 1169 obelorum
1174 1108 1252 1170 alia·

174 1233 317 1298 rumque
336 1226 488 1273 notarum
513 1211 696 1273 criticorum
719 1210 892 1274 senticetis.
919 1211 995 1291 Quo
1013 1212 1113 1301 magis
1129 1211 1252 1298 gaude-

176 1340 267 1397 mus,
301 1339 394 1403 posse
419 1316 574 1380 lectorem
601 1317 779 1380 distentum
814 1316 1091 1404 defatigatumque
1122 1317 1250 1382 insuavi

174 1422 367 1488 tractatione
395 1438 519 1504 nostra,
548 1424 581 1485 in
609 1423 793 1486 scholarum
821 1423 1190 1509 Wyttenbachianarum
1216 1441 1251 1488 et

175 1529 268 1592 beata
285 1528 431 1592 ubertate
448 1545 479 1592 et
491 1529 675 1592 amoenitate
690 1528 822 1619 tandem
841 1528 1018 1615 aliquando
1032 1530 1250 1616 acquiescere.

219 1633 332 1722 Neque
350 1657 427 1697 vero
452 1635 486 1696 in
510 1634 706 1722 praefationis
724 1637 811 1699 exitu
833 1633 1007 1698 tacendum
1025 1653 1074 1698 est
1093 1635 1249 1699 Selraeferi

173 1739 213 1803 V.
232 1741 277 1805 Cl.
296 1739 507 1822 beneficium,
527 1742 582 1827 qui
604 1765 681 1805 cura
701 1765 776 1824 sua,
794 1764 858 1828 qua
875 1741 963 1804 nulla
980 1740 1139 1804 eruditior
1157 1742 1250 1830 cogi·

174 1840 235 1910 t‘ari
255 1862 376 1933 potest,
396 1847 531 1934 plagulis
550 1846 591 1909 de
611 1848 701 1935 prelo
724 1847 921 1934 corrigendis
944 1870 1079 1934 praeesse
1097 1848 1248 1912 voluerit.

173 1950 294 2013 Hahnii
308 1972 386 2013 vero
397 1951 457 2015 viri
470 1950 688 2014 honestissimi
700 1950 870 2014 liberalitas
889 1951 953 2014 hoc
968 1973 1100 2038 quoque
1114 1953 1147 2013 in
1162 1950 1251 2016 libro

173 2072 282 2142 potest
306 2056 453 2142 spectari.
478 2055 566 2117 Nihil
588 2057 675 2120 enim
697 2057 918 2145 praetermisit,
941 2038 1123 2143 quominus⁸
1143 2080 1248 2144 quum

176 2162 360 2226 chartarum
370 2163 487 2243 nitore,
498 2180 569 2226 tum
583 2180 736 2252 typorum
746 2164 901 2252 elegantia
913 2162 1136 2250 munditieque
1150 2165 1250 2228 lecto·
1278 2203 1282 2212 =

176 2288 249 2330 rum
267 2266 369 2329 oculis
390 2268 625 2333 consuleretur.

217 2372 319 2436 seru.
339 2354 559 2462 ueriernrgae
577 2373 663 2464 pm.
678 2374 806 2440 kalend.
821 2376 911 2464 apat.
930 2374 1150 2440 nuceum.
