2648 4776
232 320 294 427 ui
320 360 503 428 ulturi
532 362 753 439 urorum,
779 362 911 430 rruuu
938 365 972 446 1,
999 360 1031 430 8.
1123 388 1163 432 αι

98 494 177 561 tur,
198 494 281 578 apte
298 480 467 551 cadentes
480 480 523 550 ad
538 483 697 550 animuin
717 479 947 552 efficiendum
962 484 1169 580 pariendo&

98 615 172 685 que
196 592 346 661 sensus?
364 594 529 686 Longum
551 605 605 661 est
623 588 715 688 [iter]
741 588 785 660 ad
805 595 949 661 omnia⁷
966 620 973 660 :
992 616 1071 689 quae
1085 594 1169 663 talia

97 716 207 786 sunt,
233 716 272 770 ut
293 715 415 798 optata
432 705 560 798 magis,
578 726 687 799 quarn
707 703 852 772 inventa
878 699 1075 773 videantur.
1099 702 1166 773 Sed
1190 737 1221 769 ω

98 809 158 880 illa
183 810 350 907 palmaris
371 808 557 907 quiilern⁸‚
580 810 700 908 quod,
724 814 788 908 qui
811 836 884 881 non
907 811 1017 882 modo
1043 829 1168 883 natum

98 918 279 990 mundum
295 918 564 1011 introduxerit,
576 922 638 993 sed
652 927 758 993 etiarn
777 946 886 992 manu
902 945 1003 1018 paene
1018 920 1171 1007 lactum,

98 1030 227 1100 iseum
244 1029 374 1102 dixerit
393 1030 471 1103 lore
485 1035 757 1130 sempiternum.
774 1039 880 1104 Hunc
897 1055 1022 1103 censes
1034 1037 1170 1129 primis,

100 1154 141 1209 ut
163 1139 314 1228 dicitur,
338 1140 446 1213 labris
472 1157 631 1238 gustasse
652 1143 953 1241 physiologiam,
977 1146 1040 1238 qui
1063 1142 1169 1240 quid-

98 1274 230 1345 quam,
252 1249 353 1347 quod
382 1268 502 1324 ortum
526 1255 590 1334 sit,
620 1269 723 1350 putet
744 1268 918 1324 ueternum
947 1278 1023 1324 esse
1045 1256 1173 1352 posse?

99 1385 183 1456 qum
198 1376 253 1432 est
266 1365 361 1433 eninr
378 1368 643 1460 coagmentatio
662 1389 739 1434 non
753 1362 995 1436 dissolubilis?
1008 1380 1070 1435 aut
1084 1365 1173 1462 quid

99 1484 167 1558 est,
186 1473 291 1566 cujus
306 1475 525 1571 principium
541 1475 689 1571 aliquod
709 1477 768 1559 sit,
783 1474 872 1544 nihil
888 1477 934 1545 sit
950 1477 1172 1545 extremum?

99 1585 256 1653 Pronoea
276 1586 406 1654 verosi
425 1600 543 1656 vestra
560 1600 632 1670 est,
651 1584 784 1667 Lucili,
805 1583 930 1655 eadem
945 1595 997 1672 ¹⁰3
1011 1587 1172 1681 requiro,

136 1753 161 1795 7.
171 1738 282 1799 Longum
292 1749 329 1785 eat
337 1736 385 1784 iter
394 1737 432 1784 ad
437 1739 530 1786 omnin.
540 1738 614 1786 Multi

98 1816 162 1863 MSS
184 1814 276 1863 habent
290 1831 297 1866 :
313 1816 436 1881 dongum
449 1827 485 1866 eet
499 1818 580 1865 omnia
593 1840 614 1868 n.

98 1892 148 1941 Sed
161 1895 203 1941 alii
226 1904 251 1941 et
263 1895 323 1943 editi
342 1906 435 1944 veteres
450 1897 523 1954 dant,
535 1920 547 1938 ·
559 1898 613 1947 lon·

98 1989 157 2037 gum
167 1973 204 2021 eal
215 1973 262 2020 iter
275 1972 305 2020 ad
316 1975 396 2022 omnia
406 1990 432 2033 ·;
446 1976 513 2023 uude
524 1976 614 2024 Guliel-

97 2052 162 2100 miua
171 2053 197 2100 in
208 2051 287 2100 Plauti
296 2053 421 2111 Stichum,
432 2071 454 2103 c.
466 2057 496 2114 5,
507 2053 614 2114 effinxit,

99 2153 111 2170 ·
121 2130 225 2195 longum
242 2142 279 2179 eat
291 2131 378 2180 iterare
391 2133 472 2180 omnin
485 2154 510 2182 ν.
525 2134 572 2181 sed
586 2150 613 2182 ea

98 2208 149 2256 loci
162 2224 214 2256 uon
223 2221 260 2257 eat
273 2225 357 2257 mens:
369 2210 421 2258 vnlt
430 2211 494 2258 enim
506 2211 614 2259 Velleius

98 2304 150 2335 rem
166 2288 220 2335 l'ore
229 2288 295 2336 taedii
308 2290 404 2354 plenam
417 2292 454 2346 ,ai
463 2301 548 2338 cuncta
560 2290 614 2337 Pla·

98 2367 166 2414 touia
177 2369 271 2415 romnia
292 2369 416 2418 refutaret.
436 2371 499 2417 Dav.
510 2395 545 2406 -
555 2371 613 2416 Ern.

97 2446 193 2493 omittit
199 2446 237 2494 ad
246 2459 302 2495 ante
311 2445 407 2506 omnia,
418 2448 515 2506 diceus,
524 2448 613 2495 subau-

98 2524 217 2573 diendum
229 2541 293 2574 eeaae
304 2542 447 2582 recenset&
461 2526 552 2575 Heiud.
565 2527 613 2574 ait:

97 2615 152 2651 tuna
165 2605 249 2668 potina
260 2602 457 2653 aubautliendurn
476 2621 528 2652 ωε
540 2601 614 2668 refel-

97 2685 164 2743 lere,
183 2697 310 2744 excutere,
327 2700 447 2749 premere.
463 2685 511 2733 Sed
525 2687 613 2732 retinet

97 2764 191 2813 Heind.
201 2764 409 2828 pte-positionem,
419 2763 568 2811 subaudiens
576 2778 613 2811 re·

96 2841 227 2906 spondere.
238 2842 383 2890 Particulam
393 2852 457 2890 certe
465 2842 564 2907 plurimi
570 2860 612 2891 ex·

98 2921 186 2969 hibent
202 2921 274 2981 libri,
286 2921 362 2971 codd.
376 2921 449 2985 Glog.
466 2933 490 2969 et
506 2922 569 2971 Red.
581 2939 612 2971 ex

96 3001 190 3047 nonde
204 3002 236 3048 A.
251 3002 282 3049 Β.
298 3001 328 3050 C.
340 3001 372 3050 Ι).
384 3001 418 3050 ll.
431 2994 475 3049 l'a.
490 3003 522 3049 ll.
536 3004 556 3048 1.
570 3002 609 3050 M.

97 3081 181 3142 Quare
193 3090 218 3127 et
229 3095 276 3144 ego
286 3096 338 3128 eam
350 3091 378 3128 ut
389 3081 537 3144 aptissimam
552 3081 610 3128 reti·

97 3159 203 3207 uuerim.
216 3160 270 3207 Ma.

135 3238 161 3284 8.
176 3237 226 3285 Sed
233 3237 277 3286 illa
286 3236 405 3302 palmaris
416 3237 525 3303 quidem.
535 3241 610 3288 Deeat

96 3333 189 3365 nomen
206 3316 237 3365 ad
256 3315 324 3381 quod
348 3317 479 3382 aiugularia
496 3318 609 3366 feminina

97 3397 243 3445 referantur.
265 3396 369 3461 supplet
391 3397 490 3461 quidem
504 3397 608 3448 Cautala.

97 3476 158 3524 dum
167 3475 268 3524 exhibet
278 3474 399 3540 palmaria
417 3476 498 3524 irrisio
514 3489 566 3533 est,-
584 3487 611 3526 at

659 1749 683 1786 et
695 1754 721 1786 ae
734 1752 785 1785 non
803 1739 886 1785 ridere
898 1740 943 1795 ait,
958 1737 1085 1801 quomodo
1104 1739 1173 1786 loona

658 1818 689 1865 eit
702 1810 870 1880 coirigendne.
885 1815 973 1865 lleiud.
984 1817 1107 1865 emendari
1119 1817 1172 1866 vult

657 1898 706 1945 ita:
718 1897 782 1944 «Sed
792 1895 833 1943 ille
844 1896 891 1960 (ea
902 1895 964 1944 Cod.
974 1895 1046 1957 Red.)
1058 1896 1172 1960 palmaris

658 1975 700 2038 (id
711 1984 758 2033 est,
770 1973 871 2037 palmam
882 1973 1016 2035 meretur),
1029 1974 1071 2036 qui
1078 2007 1085 2029 ,
1095 1989 1171 2036 quum

658 2070 708 2102 nou
718 2053 793 2101 modo
807 2063 890 2100 uatum
900 2052 1019 2100 muudum
1028 2053 1172 2100 introduxe-

657 2134 703 2190 rit,
724 2133 768 2180 sed
787 2132 858 2180 etiam
880 2148 953 2178 manu
974 2147 1044 2195 paeue
1064 2132 1170 2189 facturn,

657 2213 721 2260 idem
735 2211 810 2276 (item
819 2213 937 2276 scriptum
948 2223 984 2260 est
997 2228 1124 2275 operarum
1134 2228 1171 2258 er-

659 2294 727 2354 roro)
738 2308 792 2338 euru
808 2291 896 2338 dixerit
907 2290 959 2337 fore
972 2291 1170 2355 sempiternum.

657 2371 715 2418 Non
724 2371 785 2418 ruale
796 2371 908 2433 quidem
922 2369 965 2417 aed
974 2371 1026 2434 ipse
1038 2369 1127 2418 Heind.
1135 2370 1171 2417 la-

657 2458 722 2496 tetur
741 2465 826 2496 vocem
834 2448 956 2512 palmaria
974 2449 1023 2496 huc
1037 2463 1108 2497 senata
1121 2464 1171 2503 uon

658 2542 793 2574 occurrere.
808 2528 864 2574 ille.

694 2622 720 2669 9.
734 2604 922 2670 Plryriologiam.
937 2607 997 2653 Post
1008 2604 1071 2651 hane
1086 2622 1171 2654 roeera

657 2684 831 2748 eequeltotur,'·
839 2684 861 2731 itl
871 2696 918 2741 eat,
926 2696 1019 2732 natura
1029 2685 1171 2746 rationem

656 2764 722 2827 quod
730 2763 1112 2826 induximue‚videntesgloaeam
1120 2780 1171 2812 eaae

655 2842 687 2890 ab
697 2844 780 2907 aliquo
793 2843 926 2904 adjectam,
934 2842 978 2906 qui
986 2841 1171 2906 physiologiam

655 2924 861 2986 interpretaretur.
869 2925 897 2971 P.
907 2924 1042 2970 Malim·
1051 2922 1172 2980 Glosaam,

655 3017 727 3064 quam
734 3003 790 3062 jure
798 3002 918 3065 expunxit
929 3003 1070 3057 Manutiua,
1079 3001 1170 3049 habent

654 3080 733 3128 uoatri
746 3095 842 3136 omnes,
856 3080 966 3144 exceptio
976 3080 1062 3145 (quod
1076 3091 1170 3135 tamen,

654 3174 730 3222 quum
739 3157 779 3207 ed.
789 3159 894 3208 Juntina
903 3158 935 3206 ad
945 3174 1044 3206 manum
1059 3175 1110 3206 uon
1122 3161 1168 3215 rit,

654 3254 704 3285 non
714 3239 938 3303 omuinoprteetare
947 3237 1035 3302 anaim)
1043 3239 1168 3285 Romanii.

654 3317 719 3366 eod.
729 3320 761 3366 ll.
777 3317 841 3365 idem
853 3329 949 3364 naturoe
961 3327 1009 3364 rat.
1018 3317 1109 3365 Omiait
1120 3317 1176 3365 ltoe

653 3396 771 3461 'glowma
782 3397 854 3445 etiam
865 3394 1033 3444 Heindorliue.
1045 3397 1110 3445 Mox
1127 3397 1168 3444 ed.

653 3475 700 3524 Tla.
714 3487 738 3523 et
748 3475 823 3524 codd.
840 3476 869 3523 tt.
884 3479 922 3524 lia.
940 3476 974 3525 G.
984 3479 1005 3523 1.
1017 3479 1170 3525 ethonore

96 3554 179 3603 codex
188 3565 224 3603 eat
235 3556 346 3619 perparvi
357 3554 442 3618 pretii,
450 3565 474 3602 et
483 3571 568 3613 voeea,
579 3556 611 3603 ir·
652 3553 799 3618 gruerrtatio.
810 3555 873 3602 Tum
885 3558 917 3604 ll.
931 3556 964 3603 D.
974 3566 999 3602 et
1008 3557 1045 3603 Μ.
1057 3555 1169 3619 euiprirr·

97 3633 157 3681 n’sio
166 3644 216 3692 est,
225 3632 404 3696 Monachia,nt
410 3635 513 3698 opinor,
523 3634 612 3685 deben-

97 3723 153 3769 tur,
162 3711 195 3758 ad
205 3727 259 3759 oraa
272 3710 445 3775 exemplarium
455 3712 612 3763 monentibna

96 3790 150 3837 laec
168 3791 263 3836 ironice
282 3788 341 3837 diri.
361 3792 445 3853 Lego,
463 3812 474 3833 ι
488 3791 532 3838 ned
548 3790 610 3839 illud

97 3869 204 3933 palmare
218 3878 269 3926 eat,
283 3868 351 3932 quod
363 3869 466 3931 quinon
478 3868 554 3917 niodo
565 3885 608 3917 ua·

97 3960 149 3996 tum
156 3982 163 4006 ,
171 3959 220 3996 etc.
226 3969 238 3987 ι
244 3948 283 3996 Sic
290 3958 378 3995 cuncta
387 3958 451 3995 reete
460 3949 610 4012 procedunt,

97 4037 119 4075 rt
135 4027 216 4075 omnia
224 4027 348 4082 evaneaoit
359 4023 497 4074 difficultas.
507 4028 610 4076 Dar.-

96 4106 201 4155 Erneato
211 4120 262 4153 nou
272 4104 351 4170 placet
361 4104 454 4153 Davisii
464 4104 611 4164 emendatio,

654 3633 743 3696 cipiunt
750 3632 843 3696 ;*quod
854 3648 904 3679 non
916 3633 1005 3696 placet.
1018 3635 1066 3698 Pro
1080 3633 1169 3694 labris,
1226 3654 1233 3658 ³

655 3710 711 3759 edd.
723 3711 815 3769 Marsi,
831 3703 931 3760 ¹Arcena.
941 3724 966 3759 et
976 3712 1072 3760 Thoan.
1082 3713 1169 3771 lebir'a,

655 3805 703 3852 qua
724 3789 800 3837 l'orma
821 3789 879 3839 alibi
898 3790 1041 3839 Ciceronem
1060 3808 1113 3840 nou
1132 3792 1170 3841 uti

655 3868 793 3916 obaervavit
803 3869 893 3917 lleiud.
908 3870 961 3917 Mat.

694 3963 733 3994 to.
748 3951 852 3996 Pronoea
865 3964 927 3997 vero
937 3949 959 3997 si
968 3961 1049 3998 vestra
1059 3962 1107 4005 est,
1124 3952 1171 3997 La·

655 4024 711 4082 cili,
725 4026 828 4085 eadem
840 4028 936 4092 requiro
946 4045 1002 4093 quie
1009 4029 1094 4092 paullo
1103 4041 1169 4078 anre.

655 4104 771 4170 Ampliu.
779 4105 899 4154 Bolrerioa
908 4107 974 4156 launo
980 4107 1063 4157 locum
1072 4109 1106 4156 ita
1115 4123 1171 4156 cen·
