2648 4776
202 380 242 426 ra
544 364 593 431 M.
619 362 657 429 Τ.
685 361 928 431 CICERONIS

166 559 168 562 v
199 477 396 576 quamdam
420 478 530 551 rebus
552 477 801 568 offunderet³3
820 479 1043 577 desertaeque
1060 478 1276 579 disciplinae,

198 604 236 661 et
255 590 331 685 jam
351 588 492 688 pridem
510 585 662 678 reli'ctae,
688 591 930 688 patrocinium
952 590 1231 687 necopinatum
1257 618 1277 664 a

198 699 306 772 nobis
328 724 405 772 esse
427 716 651 799 susceptum.

247 814 323 882 Nos
344 826 465 910 autem
485 796 553 883 nec
573 811 696 907 subito
714 814 893 909 coepimus
911 809 1184 909 philosophari;
1207 836 1277 885 nec

91 1008 94 1019 ⁵
199 922 420 994 mediocrem
440 948 459 994 a
478 924 595 1020 primo
610 937 776 1020 tempore
794 925 906 992 aetatis
924 922 963 991 in
982 945 1026 993 eo
1046 921 1279 1020 studioope-

198 1056 276 1102 ram
288 1056 487 1129 curamque
502 1034 818 1130 consumpsimus;
833 1046 884 1116 et,
901 1054 1015 1128 quum
1027 1032 1176 1102 minime
1187 1032 1280 1105 vide·

198 1139 346 1226 bamur,
364 1142 619 1223 tummaxime
634 1139 996 1239 philosophabantur.
1012 1140 1121 1231 Quod
1142 1156 1179 1213 et
1197 1167 1279 1216 ora·

199 1254 318 1322 tiones
337 1250 541 1342 declarant,
567 1250 709 1323 refertae
734 1249 1039 1350 philosophorum
1066 1253 1279 1340 sententiis;

199 1374 236 1432 et
249 1360 540 1434 doctissimorum
552 1362 744 1441 hominum
758 1360 1028 1444 familiaritates,
1044 1361 1180 1459 quibus
1190 1388 1280 1435 sem·

199 1495 267 1567 per
285 1469 416 1544 domus
433 1488 557 1545 nostra
572 1472 740 1560 floruit&
757 1487 795 1544 et
813 1473 996 1569 principes
1008 1471 1069 1558 illi,
1084 1471 1279 1561 Diodotus,

199 1580 316 1670 Philo,
331 1585 550 1671 Antiochus,
570 1581 827 1671 Posidonius⁵,
850 1582 1024 1680 aquibus
1046 1584 1203 1655 instituti
1225 1609 1280 1658 su·

164 1715 181 1767 7
200 1717 292 1763 mus.
317 1698 382 1780 Et,
405 1696 433 1766 si
458 1696 582 1765 omnia
600 1692 841 1792 philosophiae
864 1707 1044 1791 praecepta
1069 1690 1281 1764 referuntur

200 1799 245 1873 ad
273 1802 400 1890 vitam,
428 1803 648 1874 arbitramur
675 1827 743 1876 nos
768 1817 804 1874 et
825 1801 982 1900 publicis
1006 1817 1043 1872 et
1068 1805 1217 1901 privatis
1240 1805 1279 1874 in

104 1911 106 1916 ’
200 1909 310 1982 rebus
331 1937 372 1984 ea
392 1915 613 2011 praestitisse,
633 1938 714 2009 quae
743 1914 834 1984 ratio
862 1927 899 1983 et
926 1911 1091 1983 doctrina
1116 1914 1278 2011 praescri·

202 2024 327 2119 pserit.
1188 2044 1215 2077 ¹·

249 2138 310 2204 IV.
331 2136 393 2207 Sin
408 2151 530 2216 autem
546 2140 627 2235 quis
645 2138 816 2235 requirit,
836 2162 918 2234 quae
941 2158 1047 2208 causa
1068 2160 1136 2207 nos
1156 2136 1279 2235 impu·

201 2243 305 2331 lerit,
322 2260 363 2318 ut
387 2245 463 2318 haec
480 2263 551 2319 tam
574 2272 656 2320 sero
674 2249 785 2320 literis
805 2246 1082 2334 mandaremus,
1098 2245 1190 2318 nihil
1209 2261 1278 2335 est,

202 2353 303 2451 quod
321 2355 493 2454 expedire
512 2372 585 2429 tam
607 2357 709 2431 facile
729 2359 920 2458 possimus.
944 2361 1036 2429 Nam
1059 2381 1175 2453 quum
1202 2359 1278 2430 otio

200 2464 472 2562 langueremus,
500 2483 535 2540 et
560 2469 591 2541 is
616 2483 707 2542 esset
736 2467 947 2566 reipublicae
973 2481 1105 2552 status,
1131 2482 1173 2538 ut
1197 2493 1279 2540 eam

200 2577 309 2645 unius
330 2577 502 2649 consilio¹
529 2594 639 2676 atque
663 2575 752 2650 cura
773 2577 968 2676 gubernari
990 2600 1138 2649 necesse
1159 2593 1279 2666 esset3

201 2685 359 2780 primum
375 2687 489 2783 ipsius
506 2688 714 2786 reipublicae
731 2712 838 2760 causa
855 2686 1125 2785 philosophiam
1145 2690 1281 2761 nostris

200 2794 411 2870 hominibus
428 2798 678 2896 explicandam
695 2801 838 2899 putavi,
861 2800 982 2893 magni
1004 2798 1214 2870 existimans
1230 2800 1280 2870 in·

200 2921 333 2978 teresse
351 2907 396 2979 ad
411 2908 521 2981 decus
534 2925 571 2982 et
582 2909 628 2980 ad
640 2908 785 2982 laudern
798 2908 964 2992 civitatis,
979 2930 1036 2976 res
1051 2920 1126 2977 tam
1140 2930 1281 3003 graues,

71 3101 76 3118 ι
165 3017 181 3068 ⁸
200 3033 349 3115 tamque
361 3019 548 3117 praeclaras
561 3020 680 3091 latinis
697 3021 803 3091 etiam
820 3019 933 3089 literis
944 3017 1143 3087 contineri:
1160 3042 1281 3115 eoque

190 3152 260 3199 ane
281 3129 402 3199 minus
421 3131 575 3200 instituti
597 3131 666 3201 mei
686 3133 861 3227 poenitet,
889 3126 990 3224 quod
1016 3125 1118 3197 facile
1141 3134 1281 3213 sentio,

201 3262 310 3335 quam
331 3238 533 3311 multorum,
549 3264 624 3310 non
650 3239 761 3310 modo
780 3237 962 3325 discendi,
980 3236 1044 3310 sed
1062 3239 1171 3309 etiam
1190 3241 1283 3311 scri·

239 3390 262 3436 3.
274 3389 377 3437 Noctem
390 3405 415 3454 q.
425 3388 497 3436 rebus
507 3385 656 3454 offunderet.
667 3389 718 3439 Sci·
763 3388 831 3454 perbi
845 3389 908 3437 hanc
923 3403 1008 3436 vocem
1020 3402 1086 3444 eaeo,
1100 3387 1144 3436 sed
1158 3389 1282 3455 medati,

197 3471 260 3522 licet
271 3468 433 3517 academicam
451 3467 632 3533 philosophiam
645 3484 719 3533 quae,
763 3478 829 3533 recte
841 3477 925 3515 monet
935 3464 1102 3514 Heindorliuc.
1119 3467 1173 3514 Μι.

202 3564 279 3613 quum
293 3547 324 3596 ad
337 3546 500 3595 dubitandum
512 3547 668 3611 potissimum
682 3547 720 3594 in·
801 3549 824 3594 5.
832 3546 966 3603 Diodotus,
976 3544 1049 3593 Philo
1057 3581 1064 3606 ,
1073 3545 1225 3604 Antiochus,
1237 3550 1285 3596 1³0-

203 3627 317 3687 dureret‚
333 3625 406 3673 rebus
419 3623 550 3689 quamdam
569 3636 668 3673 noctem
683 3625 718 3673 el·
763 3625 883 3676 sidonius.
890 3624 1016 3673 Diodotus
1025 3635 1049 3672 et
1057 3624 1206 3674 Posidonius
1213 3638 1284 3675 crant

204 3706 306 3754 sundere
318 3703 457 3753 videbatur.
765 3704 855 3766 Stoici,
865 3704 936 3752 Philo
947 3702 1117 3752 araneorum
1124 3703 1269 3754 Academici
1275 3719 1288 3764 ,¹

240 3796 266 3842 4.
295 3784 385 3847 Quibus
406 3798 500 3847 semper
523 3781 609 3830 domos
633 3795 720 3833 nostra
765 3787 973 3850 posteriorautem
987 3785 1018 3832 ad
1029 3782 1222 3834 Stoicosinflne
1230 3803 1283 3836 me.-

133 3922 140 3938 '
199 3864 293 3932 stornio
315 3862 453 3911 Schellerus
477 3864 525 3911 hoc
549 3863 607 3910 loeo
632 3865 718 3912 frustra
765 3869 801 3930 gis
815 3864 952 3913 inclinavit.

204 3945 310 4006 conjecit
320 3941 417 4008 patuit,
432 3943 484 3990 sine
498 3941 588 4002 dubio,
599 3944 656 4006 quia
670 3945 717 3991 Er·
798 3948 842 3992 tv.
857 3961 879 3992 r.
891 3945 967 3992 Unius
976 3943 1084 3992 consilio.
1095 3943 1283 4004 inhiemus,

205 4022 407 4085 matum(injurle
418 4021 528 4086 quidem)
536 4021 656 4070 offensum
667 4039 717 4071 osse
763 4025 819 4088 qul,
831 4023 929 4072 devicto
943 4023 1078 4087 Pompeio,
1092 4039 1208 4071 summam
1220 4039 1281 4075 ren·

205 4099 294 4166 legerat
308 4099 383 4148 verbo
387 4098 475 4167 floruit
481 4118 490 4159 ,¹
505 4117 585 4166 neque
596 4102 661 4150 enim
674 4118 715 4150 su·
762 4103 886 4168 publicam
897 4102 1004 4152 tenebat.
1013 4103 1078 4150 Dar.
