2648 4776
537 345 777 412 PRAEFATIO.
1104 373 1168 416 xm

101 469 250 558 sagacitas
269 466 347 528 insit
364 486 527 551 quamque
547 480 633 527 certa
652 464 808 527 sermonis
825 466 913 528 latini
929 469 1080 551 scientia,
1100 494 1165 535 non

101 571 257 660 estquod
282 594 343 659 ego
366 570 475 632 multis
500 569 606 632 verbis
630 586 745 634 notum
767 570 891 636 faciam.
913 572 1044 638 Norunt
1057 578 1165 657 enim,

102 678 303 766 quiquidem
322 677 431 762 paullo
444 674 634 738 eruditiores
648 677 730 756 sint,
747 674 787 738 ad
804 699 909 739 unum
926 700 1048 743 omnes.
1060 683 1169 763 Quan-

101 803 171 848 tnm
189 807 268 847 vero
288 783 337 845 hae
357 781 493 844 virtutes
518 780 667 844 Ciceroni
691 782 889 868 profuerint,
908 783 976 869 ipse
993 786 1167 850 lectionum

102 890 197 954 index
217 886 502 965 commonstrabit,
522 908 602 973 quas
620 908 638 949 e
653 887 843 950 Sebiitziana
860 886 1002 953 editione
1025 909 1168 958 enotatas

102 997 183 1059 infra
196 995 416 1058 exhibuimus.

146 1103 194 1165 De
209 1097 400 1164 Heindorlio
416 1115 451 1177 τῷ
468 1110 593 1177 μακαρίτῃ
608 1115 737 1185 praestet
753 1098 897 1163 fortassis
912 1101 1022 1183 silere,
1037 1120 1074 1166 ut
1088 1104 1118 1165 in
1135 1127 1169 1168 re

103 1202 281 1266 exulcerata
307 1223 344 1263 ac
368 1221 481 1263 recens
509 1200 604 1263 etiarn
629 1199 662 1261 in
696 1199 847 1263 invidiam
872 1199 1020 1267 adducta.
1048 1204 1170 1268 Verum

102 1332 205 1396 quum
231 1323 419 1370 neutrarum
438 1306 498 1368 sim
524 1306 683 1392 partium,
700 1307 781 1368 etin
799 1307 953 1371 omnibus
971 1309 1067 1373 rebus
1087 1334 1171 1398 prae·

102 1412 281 1501 ponderare
294 1411 411 1475 debeat
424 1411 553 1490 veritas,
573 1409 677 1473 dicam
692 1409 782 1497 quod
797 1413 912 1477 sentio.
928 1414 1097 1495 Quantum
1109 1439 1171 1504 ego

101 1521 128 1581 ei
148 1520 219 1582 viro
239 1519 396 1598 tribuam,
411 1539 507 1581 nosse
522 1533 651 1604 oportet
667 1539 738 1596 eos,
750 1518 806 1604 qui
823 1517 872 1579 vel
886 1541 956 1581 mea
973 1520 1171 1606 qualiacum-

102 1648 166 1711 que
182 1625 302 1711 scripta
319 1623 472 1712 legerint,
487 1623 535 1685 vel
552 1623 631 1684 meis
644 1620 836 1685 lectionibus
848 1624 1063 1689 interfuerint.
1078 1630 1173 1691 Utro·

103 1732 201 1818 bique
231 1729 317 1793 enim
345 1728 445 1817 ipsius
478 1749 595 1791 nomen
630 1728 835 1814 frequentare
860 1730 966 1812 soleo,
998 1748 1031 1794 et
1061 1748 1170 1822 gratus

104 1835 264 1924 profiteri,
283 1833 393 1899 utilem
411 1833 567 1897 exstitisse
583 1856 714 1920 operam
729 1834 832 1920 ipsius
849 1835 974 1899 Platoni
991 1837 1024 1900 in
1038 1838 1171 1927 dialogis

105 1940 190 2005 baud
203 1942 323 2028 paucis.

146 2048 264 2134 Neque
286 2048 319 2109 in
337 2047 463 2127 Tullio,
488 2047 605 2110 inlitias
628 2047 761 2128 iverim,
780 2047 932 2111 eumdem
957 2052 1057 2114 multa
1078 2069 1173 2115 aetite

103 2152 235 2234 vidisse,
258 2150 345 2215 haud
367 2175 468 2239 pauca
490 2153 568 2215 item
587 2151 722 2215 feliciter
748 2152 952 2230 emendasse,
974 2172 1006 2219 et
1025 2173 1173 2220 accurate

105 2258 204 2320 multa
230 2256 272 2321 de
299 2257 468 2343 utriusque
496 2258 654 2321 sermonis
681 2257 806 2345 legibus
833 2261 1030 2346 praecepisse.
1052 2261 1173 2324 Verurn

105 2363 253 2426 eumdem
280 2378 312 2426 et
335 2360 430 2425 rideo
453 2380 485 2425 et
508 2386 572 2449 pree
592 2386 644 2425 me
661 2365 730 2426 fero
753 2363 788 2426 in
806 2364 963 2427 Cicerone
984 2367 1173 2453 saepiuscule
1246 2448 1250 2459 Ι

106 2485 291 2532 novatorem
310 2468 484 2549 exstitisse,
507 2470 564 2531 ubi
585 2468 720 2532 minime
743 2467 898 2549 debebat3
922 2471 1057 2534 nimium
1075 2496 1174 2558 porro

106 2574 253 2639 tribuisse
275 2574 360 2637 binis
384 2573 552 2636 codicibus
582 2574 664 2654 suis,
691 2589 723 2637 et
751 2574 926 2660 praesertim
954 2575 1171 2665 Glogaviensi3

105 2703 217 2766 parum
236 2678 410 2743 attendisse
426 2678 736 2766 breviloquentiam,
753 2703 824 2766 quae
842 2697 948 2749 tamen
967 2682 1000 2744 in
1016 2683 1173 2747 Tullianis

106 2784 377 2873 disputationibus
393 2786 432 2847 iis
444 2808 578 2874 regnare
593 2787 711 2865 soleat,
729 2787 784 2849 ubi
797 2787 881 2850 inter
894 2811 928 2850 se
942 2789 1176 2875 colloquuntur

106 2895 254 2957 homines
282 2894 441 2980 elegantes
469 2909 501 2956 et
526 2894 653 2957 urbani.
682 2893 740 2956 Est
761 2895 848 2957 enim
872 2895 1061 2959 urbanitatis
1082 2898 1174 2983 quasi

106 2999 251 3085 qnaedam
274 2998 338 3063 filia
363 2999 637 3084 breviloquentia,
667 3000 836 3086 progenita
859 3023 897 3063 ex
922 3000 1051 3064 erudito
1076 3024 1174 3065 sensu

107 3105 330 3184 humanitatis3
354 3127 421 3192 quo
445 3103 535 3168 ducti
559 3105 729 3168 nobiscum
753 3105 848 3184 alios,
869 3106 925 3191 qui
946 3104 1077 3191 quidem
1093 3107 1173 3170 libe·

106 3211 211 3275 raliter
230 3210 370 3273 instituti
388 3210 468 3289 sint,
483 3208 573 3288 juxta
593 3232 703 3297 sapere
720 3209 921 3291 judicamus;
943 3210 1116 3292 hactenus,
1138 3230 1175 3276 ut

106 3316 195 3405 quod
208 3315 437 3380 tantummodo
458 3314 687 3379 adumbratum
706 3316 796 3379 sitin
815 3317 963 3380 ‹liverbio
978 3340 996 3379 a
1012 3318 1124 3399 nobis,
1143 3335 1176 3384 et

107 3440 190 3487 nutu
208 3423 299 3508 quasi
316 3422 415 3509 magis
435 3444 532 3508 quarn
549 3421 649 3484 verbo
666 3420 897 3509 significatum,
914 3423 935 3484 ii
954 3420 1054 3484 nihilo
1071 3424 1176 3488 secius

106 3529 262 3592 continuo
284 3526 461 3616 percipiant
483 3525 739 3616 intelligautque.
763 3529 881 3589 Contra
901 3528 1033 3591 nimiam
1051 3531 1175 3615 perspi·

106 3635 275 3714 mitatem,
294 3650 440 3712 constat,
462 3631 592 3695 officere
611 3632 806 3712 urbanitati,
824 3650 856 3695 et
872 3632 1016 3719 putidam
1029 3634 1176 3713 judicari.

106 3739 199 3802 llnde
222 3761 428 3834 consequens
455 3753 519 3817 est,
546 3755 637 3801 caute
655 3737 863 3825 usurpandos
882 3761 951 3801 esse
972 3738 1118 3820 codices,
1140 3758 1178 3804 ut

106 3847 146 3909 ita
159 3845 283 3924 dicam,
298 3860 422 3907 textum
435 3843 618 3909 dilatantes.
635 3846 756 3909 Natum
770 3844 856 3907 enirn
874 3845 937 3908 hoc
950 3868 1053 3933 genus
1066 3845 1178 3909 lectio·-

107 3952 154 4014 nis
173 3966 277 4015 estex
296 3950 489 4038 periphrasi,
508 3951 573 4013 sive
590 3949 896 4031 circumlocutione,
915 3973 1012 4037 quarn
1025 3953 1177 4038 frequen-

107 4074 173 4119 tare
194 4072 369 4144 coguntur,
387 4055 442 4142 qui
461 4055 495 4117 in
512 4054 594 4119 ludis
611 4077 744 4143 pueros,
762 4057 811 4121 vel
827 4073 914 4121 certe
933 4055 1083 4120 nondum
1101 4057 1178 4121 satis

108 4161 232 4226 subacti
245 4161 366 4250 ingenii
387 4159 562 4249 discipulos
579 4158 744 4225 erudiunt.
