2648 4776
549 375 597 441 M.
620 375 659 442 T.
685 377 932 444 ctcssttortts

254 497 480 569 Crotoniates
500 480 621 567 autem
635 496 791 567 Alcmaeo
803 491 831 580 ⁶,
850 498 913 594 qui
933 496 999 567 soli
1019 512 1054 566 et
1070 496 1182 578 lunae,
1197 500 1281 568 reli·

205 609 362 704 quisque
391 604 587 691 sideribus,
618 610 815 703 animoque
850 622 1021 704 praterea
1053 607 1280 680 divinitatem

206 718 322 805 dedit,
342 742 416 788 non
432 717 559 801 sensit,
579 740 657 787 sese
678 715 893 787 mortalibus
910 713 1021 786 rebus
1035 717 1282 788 immortalita-

206 845 277 900 tem
293 826 390 898 dare.

254 942 344 1010 Nam
374 936 609 1034 Pythagoras,
636 939 701 1032 qui
727 938 888 1021 censuit,
918 939 1078 1007 animum
1109 961 1186 1009 esse
1214 962 1282 1034 per

205 1062 371 1119 naturam
395 1070 519 1117 rerum
545 1070 692 1116 omnem
721 1048 902 1121 intentum
926 1063 962 1118 et
991 1063 1281 1134 commeantem,

206 1181 251 1227 ex
272 1181 347 1253 quo
369 1158 484 1226 nostri
501 1157 611 1226 animi
632 1167 905 1252 carperentur7,
927 1181 1002 1226 non
1025 1156 1129 1240 vidit,
1149 1157 1280 1227 distra-

207 1268 328 1336 ctione
359 1260 604 1336 bumanorum
636 1269 842 1337 animorum
876 1266 1030 1363 discerpi
1060 1280 1095 1336 et
1130 1265 1281 1337 lacerari

206 1374 339 1461 deum;
363 1390 400 1446 et
420 1401 534 1472 quum
554 1377 675 1447 miseri
698 1377 806 1446 animi
826 1392 958 1464 essent,
980 1376 1080 1472 quod
1096 1377 1281 1473 plerisque

207 1486 452 1582 contingeret,
466 1500 543 1555 tum
558 1485 617 1556 dei
634 1500 773 1583 partem
788 1511 865 1557 esse
880 1492 1046 1557 miseram
1063 1513 1072 1556 ε
1088 1486 1186 1584 quod
1201 1487 1279 1557 fieri

155 1607 282 1665 2812011
310 1609 439 1693 potest.
464 1600 538 1666 Cur
560 1611 681 1667 autem
707 1596 907 1693 quidquam
928 1598 1112 1694 ignoraret
1136 1600 1282 1668 animus

206 1704 383 1790 hominis,
406 1708 433 1775 si
454 1720 546 1777 esset
564 1706 674 1778 deus?
695 1707 893 1796 Quomodo
913 1731 1023 1805 porro
1038 1706 1128 1777 deus
1144 1708 1230 1788 iste,
1251 1709 1280 1778 si

208 1812 297 1885 nihil
321 1829 414 1886 osset
431 1817 498 1886 nisi
513 1818 672 1903 animus,
689 1832 751 1887 aut
772 1817 924 1906 infixus,
945 1833 1009 1888 aut
1023 1815 1163 1888 inlusus
1186 1833 1280 1889 essct

206 1928 243 1992 in
263 1924 424 1993 mundo?

253 2037 344 2104 Tum
377 2034 642 2132 Xenophanes,
669 2038 759 2134 qni,
796 2053 915 2108 mente
946 2037 1136 2132 adjuncta,
1168 2063 1281 2110 omne

207 379 253 446 28

205 2222 296 2279 Marsi,
311 2237 378 2285 qna,-
391 2221 452 2270 bene
464 2221 573 2282 addens,
585 2222 615 2269 ad
630 2223 717 2269 mentia
761 2238 982 2289 commeansntque
992 2225 1109 2280 diffusus,
1119 2240 1150 2272 ex
1160 2240 1211 2289 quo
1225 2242 1279 2273 orn·

206 2302 362 2349 seusumboc
377 2318 428 2349 esse
441 2301 602 2349 referendum.
616 2303 662 2350 Cn.
761 2305 814 2363 nia,
828 2322 881 2368 quae
902 2317 1051 2362 nascuntur,
1072 2303 1185 2351 animalia
1201 2306 1277 2352 vitam

244 2381 269 2427 6.
280 2378 431 2429 Crotoniates
442 2392 523 2427 nutem
541 2381 657 2428 Alcman.
677 2380 716 2428 Cf.
762 2385 901 2448 capiunt·;
920 2401 1024 2448 eumque
1042 2384 1124 2432 locum
1145 2384 1277 2449 exscripsit

208 2459 377 2521 Aristotelem,
397 2460 428 2508 de
446 2461 549 2519 Anima,
569 2462 599 2513 Ι.
615 2476 641 2508 a.
654 2460 717 2506 Vide
761 2463 887 2510 Salvianus
898 2463 928 2510 de
942 2463 1007 2511 an.
1017 2463 1073 2521 Dei,
1084 2462 1128 2510 lib.
1140 2464 1167 2518 1,
1179 2478 1235 2526 cap.
1245 2473 1277 2520 t,

206 2549 230 2585 et
245 2539 408 2598 Clementem,
423 2543 544 2603 Protrept.
557 2556 612 2603 pag.
631 2539 717 2602 19ed.
762 2559 813 2589 nou
834 2545 897 2588 enim
911 2542 943 2589 ad
963 2542 1028 2590 bunc
1045 2541 1120 2589 Tullii
1135 2540 1220 2588 locuru
1240 2558 1278 2589 re·

206 2617 320 2681 Sylburg.
334 2621 399 2667 Dav.
410 2646 444 2656 --
458 2621 495 2665 De
508 2619 557 2666 boc
576 2618 718 2667 Alcmaeone
762 2622 858 2684 spexit,
872 2632 899 2668 ut
913 2621 965 2668 rnlt
985 2623 1061 2669 Conr.
1076 2621 1278 2681 Rittersbusins,

205 2697 268 2744 adde
280 2700 351 2761 Diog.
362 2700 438 2746 Laert.
451 2698 492 2744 lib.
503 2701 577 2757 Vlll,
589 2699 605 2763 5
616 2700 648 2745 83
656 2735 663 2753 .
672 2698 718 2745 ibi·

206 2778 359 2840 qneMensg.
369 2778 487 2840 Antigon.
496 2778 591 2841 Caryst.
602 2795 655 2840 cap.
667 2780 699 2839 95
710 2813 718 2836 ,

206 2854 289 2920 ibique
300 2856 397 2904 Brclrm.
409 2873 464 2921 pag.
485 2858 548 2914 ras,
568 2859 609 2920 qui
624 2856 718 2920 aliquot

207 2932 366 2997 interpretum
387 2935 475 2983 borum
494 2936 620 2985 Ciceronis
639 2935 717 2983 libro·

206 3029 259 3059 rum
283 3014 308 3060 in
330 3014 377 3062 huc
398 3015 496 3063 homine
520 3031 625 3065 errarem
646 3027 717 3063 uota·

206 3095 249 3140 vit.
265 3095 314 3142 Cs.

243 3187 266 3231 7.
275 3175 316 3219 Ex
327 3191 375 3237 quo
383 3171 460 3221 nostri
467 3172 546 3220 antini
552 3183 716 3237 carperentur.

206 3251 294 3300 Elieua.
303 3263 404 3316 uterque
412 3264 571 3316 caperentur‚·
578 3252 646 3316 quod
657 3268 717 3300 nou-

205 3330 280 3379 nnllis
301 3333 401 3380 fortasse
422 3332 561 3396 speciosum
583 3332 715 3380 videbitur.

205 3412 268 3459 Nam
288 3412 318 3459 de
337 3411 382 3459 bac
401 3413 452 3475 ipsa
476 3427 500 3459 re
518 3411 553 3458 sic
573 3412 716 3472 Minucius,

206 3507 227 3537 c.
252 3504 300 3552 19:
316 3490 484 3555 «Pythagorae
502 3490 609 3538 deusest
623 3491 717 3536 animus

205 3586 250 3633 per
270 3570 407 3617 universam
428 3586 507 3617 rerum
528 3581 637 3617 naturam
651 3586 718 3617 conr-

207 3665 288 3695 means
303 3659 326 3696 et
341 3649 462 3704 intentus,
475 3665 505 3694 ex
519 3664 569 3711 quo
583 3649 653 3695 etiarn
664 3651 713 3694 aui·

762 2717 807 2747 nec
821 2700 851 2746 ad
867 2702 1048 2761 blinucianum,
1058 2711 1084 2746 ut
1098 2701 1278 2765 censctStepb.

762 2780 881 2840 Balrtzius.
902 2779 950 2826 sed
965 2780 1037 2842 louge
1059 2790 1159 2842 praestat
1180 2792 1278 2844 recepta

762 2858 849 2916 lectio,
862 2837 998 2922 Velleiiique
1008 2858 1090 2904 animo
1100 2857 1177 2920 magis
1187 2873 1278 2906 conre-

761 2938 799 2986 nit
813 2937 935 2984 invidiosa
949 2937 1000 2985 haec
1019 2935 1137 3000 loquendi
1152 2937 1275 2995 formula,

762 3016 862 3063 denotat
876 3016 953 3070 enim,
966 3025 1057 3063 tuentes
1064 3024 1159 3061 nostras
1169 3016 1277 3063 numinis

762 3111 813 3142 esse
822 3097 896 3142 frusta
908 3094 1019 3157 quaedam
1031 3095 1121 3148 beera,
1135 3095 1275 3157 particulas·

762 3190 809 3237 que
819 3174 842 3219 vi
852 3173 955 3236 quadum
963 3173 1065 3220 avulsas.
1075 3171 1208 3222 SiJuatino
1217 3191 1278 3222 ruas*

761 3254 811 3316 tyri
822 3251 895 3310 fides,
906 3253 981 3316 ipsius
992 3251 1137 3315 Pythagora*
1147 3252 1276 3301 verbalsuc

762 3331 873 3379 facientis
893 3330 961 3378 dedit
983 3329 1088 3377 Cobort.
1112 3329 1143 3376 ad
1162 3331 1277 3386 umens.

762 3427 785 3457 c.
804 3413 845 3458 ¹8.
858 3409 904 3457 Sed
918 3409 991 3465 liber,
1002 3423 1031 3456 ex
1044 3423 1094 3470 quo
1108 3422 1166 3458 sunt
1176 3410 1276 3470 bansta,

762 3489 833 3554 plane
856 3489 903 3535 suit
926 3486 1116 3550 supposititius;
1140 3487 1225 3551 quorl,
1247 3499 1275 3536 ut

761 3570 861 3632 opinor,
869 3566 951 3613 olfecit
960 3565 1072 3614 Clemens
1081 3566 1276 3623 Alexandriam

761 3657 910 3711 quapropter
922 3644 1102 3707 ambiguitatem
1118 3656 1235 3708 captans,
1248 3664 1274 3693 ca

206 3728 302 3775 analium
317 3729 426 3776 omnium
447 3728 495 3774 vita
514 3727 651 3790 capiatur».
672 3728 716 3773 La·
759 3724 806 3782 τοῖς
820 3720 882 3789 ἀμφὶ
898 3721 937 3771 τὸν
957 3719 1097 3791 Πυθαγόραν
1116 3721 1235 3771 adscribit
1251 3724 1275 3770 in

205 3808 325 3864 ctautius,
339 3807 396 3854 Uir.
416 3806 497 3855 Iustit.
510 3806 553 3853 lib.
570 3809 595 3865 1,
609 3822 663 3869 cap.
678 3807 693 3854 5
707 3820 713 3852 :

206 3908 217 3925 κ
228 3884 375 3949 Pythagoras
388 3886 420 3933 ita
433 3884 557 3942 delinivit,
571 3885 631 3948 quid
654 3895 716 3932 esset

205 3964 265 4011 deus
276 3979 282 4012 :
294 3965 403 4023 animus,
412 3965 453 4027 qni
465 3981 507 4028 per
519 3966 641 4012 universas
651 3963 714 4027 (leg.

204 4044 284 4091 deleto
295 4043 442 4108 pronomine
454 4043 549 4091 arrianus
563 4061 609 4107 per
620 4043 714 4091 attriver-

203 4121 255 4186 sas)
266 4121 351 4169 mundi
363 4131 443 4185 partes
450 4138 594 4186 carnemque
605 4132 714 4170 usturam

761 3808 881 3868 Protrept.
892 3818 947 3865 pag.
958 3818 1000 3848 ar.
1011 3803 1044 3847 At
1054 3800 1163 3849 fraudem
1176 3803 1275 3850 minime

759 3875 896 3947 suspicatus
910 3893 947 3930 est
957 3880 1065 3947 Cyrillus
1078 3890 1164 3928 contra
1178 3883 1273 3932 Julian.

759 3963 805 4011 lib.
818 3965 842 4019 1,
857 3979 886 4026 p.
898 3965 939 4009 30.
953 3963 1015 4008 Dar.
1024 3959 1186 4008 -Nonnulll
1199 3960 1273 4010 codd.

760 4059 790 4089 ex
812 4043 901 4089 uostris
925 4041 1056 4097 exhibent,
1076 4063 1087 4079 ιι
1097 4040 1175 4088 nostri
1199 4039 1273 4089 animi

760 4132 934 4187 caperentur».
950 4121 1005 4167 Mn.
