2648 4776
181 375 243 441 DE
267 373 456 443 NATURA
481 372 695 455 DEORUM,
722 375 914 459 LIBERI,
946 399 999 443 11.
1082 401 1126 471 ‘²7

109 502 169 567 xt.
191 492 282 566 lnde
310 499 557 589 Anaxagoras,
582 494 647 589 qui
670 497 809 591 accepit
834 494 879 566 ab
905 499 1127 569 Anaximene

57 606 307 704 disciplinam,
327 606 488 703 primus¹
512 605 673 674 omnium
699 630 821 676 rerum
847 605 1127 704 descriptionem

58 731 96 789 et
120 717 270 787 modum
293 717 424 785 mentis
445 710 597 783 infinitae
613 718 648 783 vi
671 738 712 786 ac
730 717 870 786 ratione
890 716 1070 813 designari
1092 733 1129 790 et

58 824 191 899 confici
204 825 318 897 voluit
336 850 343 892 :
358 825 394 892 in
415 848 490 919 quo
506 847 581 892 non
599 822 705 910 vidit,
721 847 842 922 neque
854 841 994 896 motum
1008 829 1129 898 sensui

55 938 224 1031 junctum
241 949 277 1006 et
290 937 550 1018 continentem,
560 933 597 1001 in
609 930 753 1004 infinito
768 934 881 1007 ullum
897 946 995 1007 esse‘
1009 960 1126 1034 posse;

57 1072 180 1144 neque
206 1069 352 1117 sensum
370 1044 540 1128 omnino,
564 1068 639 1140 quo
663 1069 738 1115 non
757 1046 834 1144 ipsa
850 1039 1005 1118 natura³
1026 1047 1131 1145 pulsa
1172 1140 1176 1151 Ι

55 1157 218 1227 sentiret.
248 1154 388 1226 Deinde
415 1154 443 1224 si
467 1167 626 1223 mentem
654 1154 759 1224 istam
783 1158 886 1252 quasi
916 1157 1046 1229 animal
1070 1157 1131 1227 ali·

56 1266 159 1364 quod
175 1292 253 1337 esse
275 1266 408 1349 voluit,
431 1264 498 1334 erit
516 1261 653 1359 aliquid
678 1265 849 1349 interius,
873 1293 917 1338 ex
939 1293 1015 1364 quo
1039 1267 1129 1337 illud

56 1374 193 1445 animal
216 1377 435 1446 nominetur.
454 1371 552 1464 Quid
568 1386 688 1443 nutem
708 1377 862 1448 interius
880 1364 1025 1450 mente?
1042 1381 1128 1450 Cin-

56 1500 164 1580 gatur
182 1485 292 1583 igitur
306 1474 467 1581 corpore
475 1496 638 1552 externo.
655 1483 764 1572 Quod
780 1488 952 1582 quoniam
967 1514 1041 1558 non
1056 1489 1129 1587 pln-
1149 1521 1182 1581 ²7

55 1595 151 1683 ceti,
166 1610 289 1693 aperta
302 1592 530 1690 simplexque
546 1615 664 1678 mens,
678 1594 777 1666 nulla
795 1621 835 1666 re
851 1596 1034 1692 adjuncta,
1048 1622 1129 1695 quae

56 1708 194 1777 sentire
210 1707 323 1804 possit
331 1694 359 1793 ⁵,
376 1703 500 1801 fugere
519 1701 763 1799 intelligentiae
778 1721 910 1778 nostrae
928 1711 999 1779 vim
1015 1722 1051 1780 et
1066 1733 1129 1779 uo·

56 1819 198 1887 tionem
214 1815 368 1888 videtur.

92 1998 140 2046 xl.
154 2012 177 2048 r.
190 1999 405 2063 Anaxagoras...
415 1992 510 2058 primns
518 2008 571 2040 om·
616 1995 706 2045 luerint
718 1999 865 2063 opinionum
879 1999 1001 2057 divortis;
1014 1999 1075 2047 nihil
1085 1998 1130 2046 ob-

55 2076 125 2123 uium
136 2093 231 2135 rerunt,
245 2087 294 2125 ete.
308 2075 442 2136 Quomodo
453 2073 572 2138 primus?
615 2084 678 2133 stat,
698 2092 748 2140 quo
772 2077 852 2125 miuus
865 2080 1023 2142 Anaxagoras
1044 2089 1129 2127 auctor

56 2155 179 2219 siquidem
190 2154 380 2203 'fusiss-deum
394 2171 445 2202 esse
465 2164 570 2201 ruentem
614 2155 850 2220 suaesitpententiae.
863 2158 1017 2217 Consule,si
1030 2158 1124 2222 placet,

56 2233 342 2299 dixerat,quoeexsqua
353 2245 440 2281 ennete
447 2230 569 2296 lingeret».
614 2232 766 2289 cedrenum,
780 2251 805 2298 p.
821 2236 878 2284 158.
889 2237 956 2283 Dav.

56 2313 241 2377 lescaloperius
258 2313 306 2361 hoe
323 2313 474 2376 Anaxagora
489 2310 570 2358 tribu·
651 2327 675 2360 s,
688 2314 719 2361 In
730 2313 823 2381 infinito
836 2314 910 2362 alliun
924 2331 975 2361 esse
991 2331 1073 2377 posse.
1088 2314 1129 2362 Ad

57 2403 109 2441 tum
119 2386 194 2457 ‘putat
205 2429 212 2452 ,
223 2391 292 2455 quod
301 2391 414 2455 apetium
422 2390 513 2438 librum
523 2406 570 2436 ese
614 2403 781 2455 argumentum
796 2394 862 2442 conf.
874 2393 1038 2450 Valckenaer,
1051 2395 1128 2441 Distr.

55 2473 177 2537 seriptum
190 2470 305 2519 inlunem
318 2469 422 2517 ediderit
432 2469 570 2532 ·.Atprae-
613 2470 726 2534 Euripid.
738 2488 764 2535 p.
777 2481 809 2531 4⁰,
821 2489 872 2536 seq.
881 2473 1013 2536 Wyttenb.
1023 2474 1052 2519 nd
1065 2474 1128 2522 Plst.

55 2560 168 2616 terqusm
181 2548 249 2613 quod
262 2550 310 2597 lsos
324 2550 426 2596 omnino
439 2550 471 2595 sit
484 2548 568 2604 futile,
614 2547 732 2598 Phedou.
743 2568 771 2616 p.
794 2552 861 2609 183,
877 2562 901 2599 et
920 2551 974 2600 suri
989 2552 1127 2601 Comment.

44 2639 132 2695 ,prout
144 2629 285 2677 observavit
294 2628 402 2692 Bsylius,
407 2628 472 2677 Dirt.
480 2638 539 2676 tom.
548 2629 568 2686 l,
613 2627 645 2676 de
655 2629 765 2693 Ausxsg.
779 2630 945 2679 Cosmotheol.
956 2631 1004 2679 Cn.

57 2725 111 2773 psg.
126 2724 192 2773 ²⁰92
207 2708 281 2770 trudit
292 2706 459 2772 Augustinus,
469 2708 569 2758 Ciritst.
651 2707 676 2756 3.
693 2708 746 2770 Quo
758 2724 808 2755 nen
823 2707 875 2774 ipsa
888 2721 988 2757 nutrire.
997 2707 1129 2772 Augustini

55 2788 114 2847 net,
126 2787 173 2837 lib.
184 2789 244 2846 vlt,
253 2803 309 2854 esp.
322 2803 350 2845 a,
365 2787 505 2835 «Thaletem
514 2802 578 2860 suasi
613 2788 693 2835 sodex
714 2787 797 2850 dedit,
819 2804 887 2851 equo
906 2803 958 2835 non
978 2797 1028 2834 tota
1042 2799 1130 2836 nutura

56 2867 240 2933 disputationes
253 2868 330 2916 literis
343 2865 495 2916 mendassen.
505 2868 570 2914 Vere
614 2867 682 2930 pulsa
696 2867 795 2914 sentiret
804 2869 885 2916 ·.Nee
895 2867 1043 2931 displiceres
1060 2870 1129 2914 rstio.

57 2948 162 3010 laleoue,
173 2963 349 3012 nonquumm.
363 2948 494 3012 Repugnst
505 2958 570 2993 certe
613 2948 704 2995 stss.
713 2973 748 2983 —
758 2946 848 2994 Heind.
862 2962 894 3002 ex
908 2949 1048 3009 Augustino
1061 2946 1130 2994 addit

55 3029 221 3087 Themistius,
234 3030 302 3076 Oret.
319 3042 376 3090 cap.
393 3026 442 3082 26,
462 3042 490 3090 p.
506 3027 567 3090 ³¹7·
614 3036 680 3082 teta,·
689 3026 820 3082 nonensis,
829 3042 908 3088 neque
918 3042 976 3073 vero
987 3027 1130 3073 necessitate

57 3108 120 3156 Vide
127 3118 154 3156 et
160 3108 296 3166 Laertium,
308 3105 352 3155 lib.
363 3108 391 3165 1,
401 3120 454 3168 eap.
465 3105 508 3152 23.
517 3103 570 3151 No·
613 3117 723 3168 urgente.
736 3106 783 3154 Ed.
796 3105 887 3163 Marsi,
898 3120 947 3168 quo
959 3105 1012 3168 psa
1022 3115 1113 3151 natura
1120 3124 1130 3160 ,-

57 3187 102 3236 dus
114 3197 197 3236 autern
208 3221 215 3242 ,
228 3186 272 3250 qui
289 3186 410 3245 uertitur,
430 3183 493 3231 solvi
507 3185 570 3231 l'orte
591 3193 596 3206 ⁸
613 3186 716 3232 Arcens.
728 3195 753 3232 et
761 3183 807 3232 Th,
820 3199 910 3249 «quem
923 3200 973 3231 non
982 3185 1033 3248 ipss
1044 3195 1129 3231 nutura

56 3279 141 3331 quest,
153 3268 175 3314 si
184 3275 322 3330 reputemus
328 3263 436 3312 'Ilssletis
443 3263 516 3310 denus
525 3263 570 3309 im·
615 3262 714 3327 pulssns
725 3264 826 3311 sentiret
834 3285 858 3308 s.
878 3263 934 3310 Mn.

56 3346 172 3394 mobilem
180 3359 240 3401 esse,
248 3343 382 3406 mundique
392 3341 571 3390 mentem.Vide
652 3351 677 3396 4.
694 3342 896 3407 quodquoniam
910 3357 959 3388 non
969 3341 1058 3403 placet.
1073 3345 1092 3390 Ι.
1106 3360 1128 3390 e.

57 3424 197 3483 Stuberram,
207 3422 309 3488 Eulogg.
320 3422 396 3487 Phys.
409 3438 466 3486 pag.
480 3437 509 3480 n,
522 3423 552 3468 31
562 3436 570 3480 3
615 3423 672 3487 quia
681 3439 732 3470 uon
741 3423 823 3488 placet
833 3424 985 3485 Anaxsgorse
996 3421 1067 3469 deum
1076 3439 1130 3470 eor-

57 3502 319 3560 Plutsreltusn,l’laeit.
337 3501 383 3549 lib.
402 3504 428 3562 l,
441 3519 495 3566 sup.
510 3518 535 3561 7,
545 3512 570 3549 et
614 3518 663 3566 pus
679 3501 781 3557 habere,
793 3500 903 3563 sequitur
918 3511 947 3547 ut
961 3499 1129 3565 intelligentias

57 3583 178 3648 (lys-illum
190 3581 413 3642 inJulisuum,lib.
422 3585 448 3637 1,
457 3597 514 3646 psg.
526 3582 568 3630 as.
613 3591 703 3629 nostrre
719 3580 769 3627 vim
783 3591 807 3627 et
824 3581 950 3627 notionem
963 3581 1057 3644 fugiet,
1073 3582 1091 3630 i.
1107 3600 1128 3632 e.

56 3668 88 3713 At
98 3666 280 3726 «Anaxagoras
290 3662 362 3710 &nus
374 3677 425 3709 esse
440 3660 504 3709 dixit
515 3658 570 3708 iufi-
612 3671 640 3708 ut
652 3659 756 3725 intelligi
768 3676 818 3707 non
839 3659 916 3722 possit
930 3670 955 3708 et
967 3671 994 3707 ut
1009 3673 1129 3726 repugnet

56 3744 131 3792 uitem
152 3754 275 3801 mentem,
288 3757 344 3805 quse
358 3757 401 3805 per
412 3757 439 3787 se
451 3741 502 3805 ipsa
514 3756 568 3788 mo·
611 3757 663 3789 esse
677 3739 784 3803 aliquem
793 3748 907 3788 mentem.
918 3740 1012 3788 Wm.

56 3836 174 3889 terrun,
186 3831 215 3869 ut
226 3821 261 3868 sit
272 3821 422 3876 Lactantius,
437 3820 494 3869 niv.
505 3821 567 3867 lust.
650 3819 673 3867 5.
688 3821 744 3884 Qua
760 3817 941 3882 sentireposss't.
954 3819 994 3866 stc
1007 3820 1123 3883 Augusti-

57 3901 97 3951 lib.
107 3906 135 3962 1,
144 3918 201 3967 esp.
215 3902 230 3949 5
237 3936 245 3961 ,
255 3916 359 3963 eumque
369 3899 462 3947 mundo
473 3916 524 3947 nou
533 3900 570 3948 iu·
613 3915 675 3958 uus;
685 3913 757 3962 quam
772 3897 902 3945 lectionem
915 3900 1002 3945 merito
1011 3898 1126 3962 probavit

58 3981 143 4042 lixum,
151 3981 197 4031 sed
207 3992 302 4029 terreus
311 3979 458 4044 conregione
465 3969 568 4028 liberum
614 3978 652 4029 Cl.
660 3979 788 4026 Boherius.
798 3977 897 4040 Vulgo,
907 3993 973 4042 quse.
984 3976 1061 4038 Quod
1070 3978 1130 4027 mihi

60 4061 233 4122 pronuntiavit.
257 4058 306 4106 Adi
327 4057 518 4120 Tertullianum,
538 4058 569 4105 ds
614 4074 666 4106 uon
678 4057 857 4105 admittendum
873 4056 982 4105 videtur.
998 4057 1130 4106 Deras-

61 4143 160 4202 Anisus,
178 4156 234 4207 esp.
256 4156 297 4189 re.
312 4142 394 4201 Quum
413 4139 486 4203 igitur
503 4149 569 4189 tsute
613 4137 703 4214 Heind.
713 4153 769 4186 eum
779 4138 840 4187 Dss.
850 4153 881 4186 ex
889 4137 1042 4202 Augustino,
1052 4149 1076 4186 et
1090 4135 1129 4187 ed.
