2648 4776
102 414 1168 441 mmmmbffffmmmmmmmmmmfflmm

167 609 325 699 Novi
360 600 654 724 nunonis
689 546 1118 719 ramuourrro.

446 820 840 857 »ῳ--θρὑ-Ὰ

103 948 266 1053 Visne
294 981 404 1048 miror
431 975 678 1046 doctissimum
704 982 945 1063 Creuz'erum‚
968 1006 1084 1078 quum
1109 999 1180 1058 tres

103 1091 292 1164 Ciceronis
311 1088 424 1159 libros
447 1085 492 1156 de
510 1090 646 1158 Natura
664 1091 825 1157 Deorum
844 1088 986 1178 ederet,
1000 1080 1180 1192 'tantaque

104 1202 381 1273 adnotationum
404 1200 509 1295 copia
530 1211 737 1282 exornaret,
761 1222 808 1269 ne
827 1198 939 1270 verbo
958 1202 1105 1298 quidem
1126 1221 1179 1276 at-

104 1314 227 1409 tigisse
245 1306 439 1408 quemdam
460 1321 630 1403 quartum
651 1304 807 1391 librum,
825 1309 888 1404 qui
908 1310 1092 1383 Ciceronis
1110 1313 1179 1416 sub

104 1424 256 1493 nomine
274 1419 410 1501 editus,
428 1442 503 1487 non
524 1440 654 1514 parum
676 1419 772 1487 viros
791 1417 951 1490 literatos
970 1429 1178 1496 commovit.

104 1534 267 1603 Primum
286 1532 381 1628 typis
404 1526 595 1598 mandatus
616 1541 671 1596 est
695 1552 791 1596 anno
818 1527 902 1598 1811
927 1532 1116 1622 Bononia,
1144 1550 1181 1606 et

104 1644 237 1713 iterum
257 1640 387 1710 Oxonii
409 1661 507 1708 anno
531 1635 637 1721 1813,
658 1634 726 1706 sub
748 1622 822 1708 hod
838 1639 968 1711 titulo:
985 1646 1110 1714 «MT.
1127 1647 1180 1715 ei.

87 1751 249 1824 ''ceronis
276 1747 321 1818 de
346 1752 482 1819 Natura
508 1751 671 1816 Deorum
698 1744 790 1817 liber
814 1764 985 1844 quartus;
1009 1777 1028 1822 e
1052 1778 1180 1851 perve-

105 1876 204 1933 tusto
232 1858 357 1932 codice
382 1862 444 1929 MS
471 1855 749 1934 membranaceo
773 1881 872 1928 nunc
892 1862 1049 1957 primum
1070 1864 1183 1936 edidit

104 1976 142 2042 P.
167 1969 407 2068 Seraphinus‚
437 1966 513 2038 ord.
543 1965 585 2038 fr.
616 1971 739 2035 min.»
773 1967 840 2037 Hic
874 1972 912 2038 P.
940 1972 1180 2067 Seraphinus,

83 2070 217 2179 ¹quem
237 2077 394 2150 credunt
409 2075 510 2155 ,Frid
532 2076 775 2164 Bucholzum,
803 2075 971 2174 praefatus
999 2095 1053 2150 est
1082 2109 1180 2178 quae·

103 2191 189 2263 dam
213 2214 289 2261 non
312 2213 440 2299 parum
463 2189 585 2284 inepta
604 2201 640 2258 et
661 2186 847 2257 latinitatis
868 2189 1017 2260 minime
1034 2193 1179 2263 Cicero·

104 2303 231 2371 nianae.
251 2303 305 2369 De
330 2312 538 2397 pervetusto
561 2322 627 2367 suo
651 2297 775 2368 codice
801 2313 922 2369 narrat
946 2298 1084 2373 fabulas
1104 2328 1179 2373 non

103 2410 208 2482 valde
235 2409 463 2494 verisimiles;
491 2409 660 2477 novimus
685 2410 770 2492 ista,
798 2407 843 2477 de
871 2413 1023 2505 repertis
1052 2428 1178 2508 perve-

104 2525 210 2592 tustis
232 2518 438 2605 codicibus,
464 2531 681 2587 commenta.
706 2515 775 2588 Sed
799 2520 921 2611 magni
949 2517 1074 2591 fuisset
1104 2548 1179 2594 mo-

49 2710 51 2715 ,
103 2634 238 2719 menti,
265 2629 364 2729 quod
389 2635 425 2700 P.
449 2627 669 2724 Seraphinus
691 2629 827 2714 omisit,
849 2646 1104 2726 argumentum
1128 2633 1179 2705 di·

103 2741 220 2825 luere,
239 2738 339 2837 quod
357 2738 557 2809 necessario
576 2737 691 2808 oritur
707 2763 751 2808 ex
774 2737 856 2839 loco
876 2737 937 2809 lib.
958 2745 974 2810 Ι
992 2740 1037 2811 de
1059 2745 1177 2815 Divin.

57 2885 61 2890 ’
102 2848 168 2920 ubi
189 2850 317 2920 Cicero
340 2846 486 2917 fratrem
509 2844 649 2916 inducit
668 2845 929 2936 declarantem,
949 2853 1078 2924 inutile
1098 2878 1175 2927 esse

101 2958 220 3030 trihus
247 2950 348 3028 libris
380 2957 427 3028 de
453 2959 534 3026 Nat.
562 2960 670 3027 Deor.
703 2957 811 3027 alium
843 2957 974 3030 librum
1001 2962 1176 3056 adjicere,

101 3071 277 3166 quoniam
303 3067 433 3138 Balbus
466 3070 504 3136 in
535 3065 695 3138 secundo
726 3065 820 3139 libro
851 3070 1060 3166 religionem
1093 3078 1177 3147 satis

79 3178 198 3260 ‚bene
222 3180 337 3249 tuitus
359 3192 422 3248 est.
444 3182 538 3261 lloc,
563 3191 603 3245 ut
622 3175 781 3263 aiebam,
805 3182 926 3249 omisit
950 3185 984 3249 P.
1007 3184 1174 3281 Seraphi-

101 3312 190 3375 uus,
208 3287 265 3358 vel
284 3289 427 3384 potius,
448 3287 510 3383 qui
534 3284 603 3355 sub
627 3286 705 3380 ejus
732 3287 835 3357 titulo
859 3288 963 3371 latet,
983 3307 1119 3363 auctor.
1141 3299 1176 3365 Is

101 3422 179 3467 uon
197 3397 296 3467 aliud
313 3394 441 3467 habuit
456 3410 539 3465 ante
554 3396 680 3466 oculos
690 3450 698 3482 ,
708 3422 822 3492 'quam
838 3398 1050 3471 catholicam
1064 3402 1175 3497 fidem

102 3510 141 3576 in
162 3505 358 3577 ridiculum
375 3519 523 3577 vertere.
546 3511 739 3604 Postquam
767 3509 865 3577 enim
888 3510 1055 3604 quaedam
1081 3512 1174 3585 satus

102 3634 157 3690 est
176 3616 222 3688 de
241 3642 309 3688 suo
327 3617 469 3704 codice,
487 3618 533 3687 ita
551 3619 685 3714 pergit:
709 3647 725 3680 «
740 3622 992 3689 Intercurrunt
1009 3624 1176 3718 quidem,

103 3726 204 3824 quod
224 3751 283 3798 me
305 3727 352 3797 ab
374 3726 515 3798 edendo
534 3743 676 3825 poterat
694 3732 869 3813 retinere,
890 3733 925 3798 in
950 3729 1019 3801 hoc
1038 3737 1172 3832 scripto

103 3838 270 3935 quaedam
291 3861 461 3922 erronea,
480 3837 542 3908 sed
560 3863 640 3933 quae
658 3837 898 3909 condonanda
912 3854 997 3909 sunt
1011 3841 1173 3931 ethnic0,

104 3971 327 4045 quamquam
342 3961 460 4018 essent
472 3947 822 4031 anathematizanda,
836 3949 864 4018 si
880 3948 973 4022 dicta.
991 3969 1109 4023 essent
1129 3954 1174 4024 ab
1234 3966 1238 3974 '

104 4058 254 4130 homine
276 4058 490 4130 Christiano.
508 4064 643 4130 Verum
668 4058 750 4130 ideo
776 4057 908 4130 librum
936 4062 1020 4132 alias
1049 4064 1172 4135 utilem

179 4173 239 4240 IV,
258 4187 303 4233 Cic.
313 4202 368 4247 pars
382 4187 453 4231 tertie.
1028 4199 1053 4242 a
