2648 4776
104 424 154 469 x-xx
517 403 763 471 PRAEFATIO.

104 520 212 585 officio
226 522 498 609 interpretationis
514 526 662 587 omnium
676 524 815 588 maxime
831 523 979 587 brevitati
993 525 1120 609 studui,
1138 545 1176 592 ut

104 628 280 715 insigniora
296 627 464 692 dumtaxat
484 632 675 719 attingerem
685 613 704 710 ,l
716 647 747 693 et
764 631 798 692 in
815 626 984 693 laudandis
1001 631 1078 694 locis
1096 633 1176 695 scri-

103 749 234 823 ptorum
255 734 413 797 similibus
435 752 473 797 ut
498 736 677 822 plurimum
696 736 942 822 acquiescerem.
963 736 1044 816 Quae
1063 737 1096 799 in
1113 738 1176 801 hac

103 855 194 928 parte
210 839 251 903 ad
273 839 458 903 uberiorem
477 841 662 928 graviorum
688 841 835 903 locorum
855 840 1098 928 explicationem
1116 843 1176 906 de-

102 943 235 1008 siderari
252 943 453 1006 videbuntur
472 967 479 1007 :
500 967 550 1025 ea,
568 947 616 1008 uti
635 968 685 1009 res
703 945 833 1025 tulerit,
853 945 1024 1033 deinceps,
1040 946 1177 1012 fortasse

103 1074 160 1138 per
176 1050 418 1113 Meletematum
438 1073 587 1113 meorum
609 1050 905 1139 opportunitatem,
921 1052 1050 1139 explere
1071 1052 1176 1116 confi·

103 1178 241 1242 cereque
257 1155 393 1218 annitar.
410 1156 517 1219 Nemo
535 1158 622 1220 enim
642 1179 695 1220 me
712 1156 813 1243 magis
829 1157 946 1219 sentire
964 1173 1084 1245 potest,
1098 1181 1176 1245 per·

101 1261 204 1324 multa
225 1260 346 1322 nostris
372 1262 639 1325 annotationibus
665 1260 739 1323 addi
761 1282 872 1347 posse,
892 1284 963 1346 quac
983 1262 1175 1326 illustrando

100 1367 220 1430 horum
236 1365 396 1429 librorum
414 1384 607 1454 argumento
626 1367 678 1429 vel
697 1365 836 1428 maxime
853 1366 1039 1431 inserviant.

145 1471 293 1536 Alterum
309 1470 454 1535 officium
468 1473 586 1536 criticae
603 1489 635 1536 et
651 1472 759 1560 ipsum
778 1493 867 1534 nunc
884 1470 1016 1557 quidem
1033 1473 1174 1538 circum·

100 1575 308 1641 scribendum
333 1576 421 1641 duxi.
443 1577 600 1642 Videlicet
618 1600 684 1641 non
711 1590 776 1641 tant
800 1574 880 1640 illud
904 1577 1068 1665 agendum
1091 1580 1174 1643 mihi

101 1698 150 1746 est
162 1683 283 1763 visum,
304 1697 343 1745 ut
359 1705 475 1746 novam
499 1706 571 1769 quae
590 1682 709 1747 dicitur
724 1698 830 1746 textus
846 1682 1071 1748 recensionem
1089 1709 1172 1772 prae-

63 1785 66 1791 ’
100 1803 234 1868 starem,
249 1809 348 1874 quarn
366 1803 404 1850 ut
424 1788 589 1850 materiam
612 1788 868 1876 suppeditarem,
890 1787 979 1851 unde
998 1791 1173 1877 aliquando

101 1915 185 1956 nova
203 1892 348 1956 recensio
369 1890 483 1955 excudi
500 1909 618 1979 posset.
636 1894 678 1955 Et
692 1893 863 1979 quoniam,
884 1893 918 1955 in
937 1909 1001 1957 tam
1017 1898 1174 1959 contami·

101 2015 178 2062 nato
203 2013 310 2078 textu,
336 1996 424 2060 nulla
451 2020 606 2083 umquam
631 1997 776 2060 recensio
797 1998 950 2062 omnibus
971 2001 1046 2063 viris
1067 2001 1172 2065 doctis

99 2126 337 2192 usquequaque
352 2102 555 2190 probabitur,
579 2103 642 2165 hoc
659 2126 750 2166 nunc
768 2125 870 2189 quum
888 2105 1027 2168 maxime
1044 2124 1174 2192 specto,

101 2225 140 2274 ut
164 2208 350 2288 uberrimo,
379 2208 488 2295 quoad
509 2208 578 2287 ejus
603 2206 672 2270 fieri
698 2207 817 2294 possit,
836 2225 991 2297 apparatu
1016 2215 1174 2276 nnumin

100 2317 253 2379 volumen
273 2312 472 2402 colligendo,
493 2313 570 2375 viris
590 2312 722 2376 eruditis
742 2331 899 2401 perpetuo
914 2314 1041 2402 copiam
1060 2318 1173 2381 faciam

101 2419 250 2511 eligendi.

143 2530 293 2616 Longum
317 2546 365 2592 est
383 2526 572 2608 hujusmodi
596 2528 721 2591 consilii
741 2550 904 2614 exponere
921 2550 1047 2608 causas,
1066 2551 1174 2616 neque

100 2635 134 2696 in
159 2633 217 2696 has
239 2634 385 2720 prooemii
411 2633 575 2720 angustias
603 2630 717 2695 cadere
735 2630 873 2694 videtur.
898 2633 970 2694 Hoc
991 2654 1095 2694 unum
1114 2633 1173 2697 de-

100 2760 217 2826 precor
231 2738 317 2801 viros
334 2736 496 2814 eruditos,
514 2753 551 2799 ut
568 2737 652 2799 hane
670 2737 850 2801 orationem
867 2759 908 2799 ne
921 2737 955 2798 in
968 2760 1037 2800 eant
1049 2756 1174 2826 partem

100 2843 273 2931 accipiant,
301 2844 392 2929 quasi
424 2842 504 2905 nihil
535 2842 746 2917 tribuendum
773 2865 920 2906 censeam
950 2842 1001 2906 vel
1034 2846 1172 2927 criticae,

100 2950 195 3013 etiam
227 2948 446 3028 conjectariae,
475 2949 524 3010 vel
557 2948 737 3011 recensioni
770 2964 928 3012 textuum.
960 2950 1171 3028 Coniectandi

101 3049 242 3138 pericula
270 3050 446 3113 necessaria
469 3047 600 3130 judie03
621 3064 654 3113 et
678 3049 816 3111 nimium
827 3049 979 3121 ,fortassis
1004 3073 1077 3114 sum
1104 3052 1173 3138 ipse

100 3155 297 3243 periclitatus
311 3156 344 3217 in
357 3155 422 3218 hoc
434 3177 551 3244 genere
564 3177 624 3241 per
635 3154 696 3218 hos
711 3155 804 3217 etiam
820 3155 919 3218 libros
932 3156 1172 3222 Ciceronianos.

100 3263 140 3324 In
161 3259 361 3325 recensendo
382 3262 490 3324 autcni
515 3282 673 3346 novaeque
697 3260 831 3323 editioni
854 3260 1065 3349 praeparando
1080 3279 1171 3327 textu

100 3367 359 3432 Plotinianorum
372 3367 532 3430 librorum
550 3388 639 3428 nune
655 3366 762 3454 ipsum
777 3366 918 3430 elaboro.
969 3452 970 3455 Ἴ

145 3473 308 3537 Nimirum
332 3488 513 3553 necteret,
534 3469 677 3534 eamdem
698 3494 829 3559 operam
848 3493 937 3534 nunc
956 3471 1088 3558 quidem
1107 3475 1170 3537 im-

100 3579 219 3668 pertire
236 3579 362 3660 Tullio,
382 3601 442 3642 nec
466 3570 605 3641 fortasse
619 3579 806 3642 consultum
826 3577 982 3640 videatur.
1008 3580 1079 3642 Hoc
1102 3603 1170 3666 quo

99 3684 276 3773 pertineat,
303 3683 511 3772 intelligetur,
532 3682 588 3745 ubi
612 3681 652 3746 de
670 3683 851 3746 novissimis
875 3683 992 3746 horum
1012 3684 1170 3749 librorum

100 3789 298 3854 editionibus
315 3811 487 3852 monuero.
505 3785 677 3868 Videlicet,
704 3805 740 3851 ut
760 3788 838 3851 alios
860 3804 997 3868 taceam,
1021 3789 1076 3875 qui
1096 3809 1172 3875 post

100 3896 273 3958 Ernestum
300 3894 363 3957 hoc
392 3916 475 3982 opus
505 3894 644 3982 aggressi
673 3910 765 3973 sunt,
795 3894 969 3958 doctissimi
1005 3893 1193 3980 duumviri¹

99 3998 308 4065 Heindorfius
321 4016 353 4064 et
364 4000 536 4065 Scbi'rtzius
547 4022 653 4088 nuper
664 4022 698 4064 se
710 3999 751 4064 ad
763 3998 982 4065 emendandos
995 4000 1036 4064 de
1047 4001 1169 4065 Natura

99 4107 244 4171 Deorum
256 4105 357 4170 libros
370 4104 497 4172 dedere.
519 4107 559 4169 ln
572 4106 726 4173 Schi'rtzio
742 4107 811 4170 viro
828 4106 1003 4172 clarissimo
1021 4127 1168 4193 quaenam

170 4282 194 4303 ur
