2648 4776
198 379 262 447 DE
288 374 476 447 NATURA
502 372 722 457 DEORUM,
745 374 876 443 LIBER
902 375 938 460 Ι,
960 370 996 441 6.
1093 373 1135 445 15

60 500 167 572 ditate
191 498 385 569 bominum
405 493 564 567 arbitror
582 493 788 590 contigisse.
812 496 906 567 Nam
924 499 953 566 si
977 496 1135 595 singulas

59 608 268 710 disciplinas
299 600 507 706 percipere,
539 627 712 701 magnum
745 604 820 692 cst}
848 620 987 702 quanto
1017 607 1135 702 majus

57 720 215 793 amnesi·
231 718 334 816 quod
353 716 473 789 lacere
491 717 534 786 iis
548 737 696 787 necesse
716 728 789 802 est,
809 712 946 812 quihus
965 719 1133 815 proposi·

55 848 132 904 mm
148 846 224 918 est,
237 830 315 900 veri
331 825 539 926 reperiendi
555 849 678 911 causa,
697 839 735 895 et
753 838 882 896 contra
900 849 1028 898 omnes
1051 827 1133 924 pbi-

55 939 251 1039 losophos,
284 952 322 1010 et
349 963 418 1037 pro
445 934 618 1008 omnibus
647 935 778 1006 dicere.
807 935 924 1031 Cujus
949 937 1001 1009 rei
1028 950 1134 1010 tantae
1157 983 1186 1016 ι,

53 1067 205 1149 tamque
216 1046 375 1120 difficilis
391 1046 598 1119 facultatem
612 1060 883 1143 consequutum
893 1071 969 1118 csse
982 1072 1042 1120 me
1059 1074 1135 1120 non

54 1160 250 1262 profiteor;
270 1173 468 1257 sequutum
485 1181 563 1229 esse
584 1180 657 1255 prae
677 1180 737 1227 me
757 1155 848 1228 lero

100 1273 180 1344 Nec
202 1284 327 1341 tamen
351 1266 431 1339 fieri
451 1280 588 1369 potest,
609 1279 653 1336 ut
658 1289 750 1363 ,qur
743 1264 833 1336 hac
854 1269 996 1337 ratione
1015 1267 1135 1366 philo-

55 1366 312 1508 sophentur,
301 1406 327 1451 ιι
316 1377 438 1450 nihil
458 1376 633 1464 habeant,
645 1373 747 1473 quod
765 1389 975 1472 sequantur
988 1377 1136 1450 Dictum

56 1506 113 1566 est
131 1493 287 1564 omnino
304 1489 487 1562 haedere
504 1488 574 1559 alio
597 1484 679 1557 loco
698 1481 952 1582 diligentins⁶z
974 1486 1038 1558 sed
1051 1492 1138 1586 quin

54 1603 166 1674 nimis
188 1600 364 1672 indociles
388 1597 557 1698 quidam,
586 1595 755 1693 tardique
782 1609 885 1684 sunt,
913 1596 1134 1671 admonendi

53 1710 231 1785 videntur
254 1712 397 1810 saepius
424 1713 506 1782 Non
534 1709 632 1780 enim
659 1728 787 1779 sumus
811 1708 854 1796 ii,
882 1706 1020 1805 quibus
1045 1709 1137 1781 nihil

54 1836 185 1894 rerum
208 1845 286 1893 esse
306 1818 493 1905 videatur,
515 1816 618 1890 scd'''
595 1842 620 1888 ιι
628 1818 725 1915 ,qui
743 1814 916 1889 omnibus
932 1820 1028 1890 veris
1049 1803 1137 1894 lalsu

56 1931 225 2032 quaedam
238 1930 410 2028 adjuncta
424 1953 500 2001 esse
516 1929 698 2016 dicamus,
714 1941 814 1999 tanta
829 1929 1081 2016 similitudine,
1095 1946 1136 2003 ut

56 2043 160 2115 iniis
179 2042 280 2114 nulla
300 2041 387 2113 insit
408 2054 506 2113 certa
526 2038 714 2137 judicandi
738 2053 776 2110 et
796 2039 1015 2112 assentiendi
1039 2057 1136 2115 nota.

56 2152 114 2225 Ex
132 2176 209 2250 quo
230 2152 369 2224 exsistit
389 2166 427 2224 et
439 2148 547 2241 illud,
570 2150 685 2222 multa
707 2174 784 2223 esse
802 2150 1006 2249 probabilia
1025 2180 1033 2222 ε
1053 2178 1136 2251 quae

55 2286 283 2362 quamquam
311 2284 389 2332 non
419 2262 711 2361 perciperentur,
739 2275 879 2350 tamen,
905 2266 991 2360 quia
1017 2265 1136 2334 visum

54 2372 236 2446 haberent
247 2369 443 2470 quemdam
454 2372 633 2468 insignem
643 2385 680 2442 et
690 2369 881 2459 illustrem,
896 2369 952 2444 his
964 2373 1136 2469 sapientis

55 2487 131 2556 vita
147 2491 369 2581 regeretur7.

106 2599 169 2667 vl.
189 2594 260 2684 Sed
270 2595 365 2690 jam,
380 2607 424 2665 ut
442 2595 544 2664 omni
566 2616 624 2664 me
649 2591 784 2665 invidia
807 2590 978 2683 liberem,
998 2618 1133 2692 ponam
1155 2624 1188 2676 13
1257 2593 1261 2601 “

55 2710 98 2779 in
109 2703 233 2778 medio
246 2703 443 2777 sententias
455 2702 761 2803 pbilosophorum
771 2702 816 2774 de
829 2717 959 2776 natura
968 2704 1133 2777 deorum.

57 2816 146 2907 Quo
165 2813 315 2913 quidem
332 2813 417 2886 loco
442 2812 669 2887 convocandi
687 2837 815 2886 omnes
839 2814 1030 2910 videntur,¹
1052 2822 1135 2914 qui,

57 2950 141 3024 quae
152 2927 198 2996 sit
209 2949 335 2997 earum
344 2948 440 3013 vera,
447 2922 623 3020 judicent.
632 2927 724 2996 Tum
739 2923 888 2996 demum
897 2927 988 3019 mihi
1001 2951 1136 3027 procax

94 3092 188 3144 Mlt'e
195 3093 449 3161 boudilakeetiamd
454 3110 500 3142 noe
508 3110 576 3143 man·
620 3093 765 3143 sententiam
774 3093 878 3158 pedibus
886 3095 924 3143 ire
933 3109 940 3143 τ
948 3112 1004 3144 nam
1015 3096 1082 3145 visus
1092 3133 1099 3158 ‚
1108 3109 1137 3146 nt

58 3189 97 3224 e·
107 3184 228 3224 venerim
245 3174 399 3223 Academica
416 3174 574 3237 quaetionea.
619 3173 869 3232 metumientem
879 3175 1012 3240 pmspecr'e
1023 3178 1134 3241 ponitur.

57 3253 112 3304 M
123 3253 151 3302 in
161 3254 208 3313 lis,
228 3269 284 3318 qun
301 3253 419 3319 temporie
433 3253 576 3302 edacitatem
620 3255 796 3320 Sicinfraeap.
807 3256 924 3304 tarini·
934 3268 1016 3305 autem
1028 3257 1136 3314 siveroic

59 3333 472 3399 lqmt,banereanloaetractat
479 3332 524 3382 lib.
531 3335 577 3392 IV,
620 3333 768 3402 φαινομίνοις
786 3334 969 3398 gubernandam
989 3337 1047 3385 vitae
1059 3339 1135 3388 malo·

59 3415 154 3479 caph
165 3410 498 3478 aeqq.'Vldaat0ffia.11,a.
510 3415 576 3461 nia.
619 3428 677 3461 nem
688 3414 870 3462 contendebant
878 3414 1019 3464 Academici
1028 3417 1135 3481 Pyrrho-

98 3508 123 3555 7.
135 3492 202 3557 ρὰ
213 3493 295 3542 ὀὺιιιιι
308 3493 431 3566 haberant
443 3492 577 3557 quemdam
620 3492 712 3556 nilque.
724 3493 788 3541 Vide
801 3508 900 3560 qnoque
916 3494 1032 3543 Clceron.
1051 3498 1133 3547 Acad.

59 3570 215 3638 aiaa'gaanet
223 3572 354 3630 illustrem,
365 3571 530 3637 hiarapienta's
538 3569 577 3621 oi
620 3570 665 3619 lib.
677 3573 718 3633 11,
731 3587 787 3636 cap.
800 3573 847 3632 31,
859 3584 886 3622 et
899 3575 1000 3622 Sextum
1013 3576 1132 3640 Empiric.

61 3664 89 3700 ta
98 3663 232 3718 regeretur.
244 3653 304 3701 ilar
317 3652 439 3716 scriptura
448 3651 486 3701 cl.
495 3649 577 3699 Bobe-
620 3649 742 3715 pyrrhon.
760 3651 1020 3720 Hypotlib.1,cap.
1037 3669 1077 3703 11.
1088 3658 1134 3704 Er·

60 3732 102 3781 ὼ
120 3731 252 3796 meet,
262 3732 322 3796 qula
332 3731 418 3791 uuus,
430 3730 469 3779 nti
479 3740 576 3788 cenam,
620 3739 704 3777 neetue
716 3739 800 3778 tnemr
812 3730 942 3780 lectionem
955 3732 1133 3797 ‘remquam

60 3809 168 3876 aperiet·
181 3826 235 3859 non
254 3808 376 3874 signa'licat
386 3823 394 3858 τ
404 3809 494 3858 deinde
507 3808 577 3874 qued
621 3808 738 3857 exhibent
750 3809 829 3858 noemi
842 3826 927 3860 omnee
937 3823 962 3859 et
978 3811 1041 3862 bene
1051 3813 1134 3862 delen·

61 3890 87 3938 ai
94 3889 228 3938 ridiculum
233 3888 370 3950 aldetonsi
379 3888 439 3936 viaie
446 3888 577 3952 regendam
621 3887 660 3937 dit
674 3888 797 3938 Davisius.
809 3888 899 3938 Schell.
915 3907 930 3939 a
945 3893 1045 3941 boherii
1061 3895 1138 3957 parti»

62 3968 183 4034 :pianda
197 3969 273 4017 vitan
285 3968 362 4017 bomo
372 3979 444 4029 natae
456 3967 576 4017 statuerit.
621 3969 731 4028 boam,
736 3985 817 4034 neque
826 3981 907 4020 umen
916 3988 956 4022 eaa
965 3971 1053 4034 firmat,
1061 3985 1085 4022 et
1093 3972 1136 4021 fir·

64 4047 225 4114 Quapropter
235 4047 325 4097 vieille
342 4047 497 4097 doctlaainne
509 4063 578 4096 usum
623 4049 683 4096 marl
708 4049 807 4114 quidem
831 4066 902 4114 poue
924 4051 997 4101 nobie
1022 4068 1071 4101 non
1099 4057 1137 4101 vl·

64 4128 171 4192 ιεροιιὶι.
179 4127 244 4177 ΜιἹιί
250 4139 332 4177 tanam
341 4128 413 4180 liceat
424 4128 450 4193 ln
460 4128 580 4178 diversam
623 4127 722 4178 dantur.
733 4128 789 4178 lla.
