2648 4776
92 382 98 398 '
168 391 238 438 xiv·
473 377 477 385 ’
572 361 816 430 PRAEFATIO.

211 490 326 575 Neque
336 485 437 574 igitur
448 483 552 546 ullum
561 480 712 546 codicum
720 503 824 571 genus
832 479 1106 564 deosculabimur,
1114 481 1238 548 nedum

166 593 271 676 istud,
287 591 378 680 quod
391 589 575 655 scholarum
589 588 795 652 umbratilem
813 610 965 676 operam,
986 612 1183 676 quamquam
1199 607 1239 655 ut

167 699 348 788 plurimum
366 695 454 761 haud
474 696 637 782 ineptam,
661 695 770 758 refert.
797 694 861 758 Sed
883 710 1041 781 quantum
1064 710 1098 758 et
1119 694 1238 784 Gloga·

166 805 270 869 riensi
297 802 401 867 codici
424 818 456 865 et
481 817 519 863 ut
547 800 687 886 quisque
707 822 726 862 e
747 800 866 863 nostris
890 799 1070 865 simillimus
1093 802 1161 879 ejus
1189 817 1239 865 est

167 911 257 998 (sunt
278 925 386 975 autem
408 908 534 994 aliquot
554 905 745 994 persimiles)
765 905 975 970 tribuendum
995 907 1238 988 censuerimus,

167 1016 364 1080 monstrabit
381 1031 492 1077 nostra
511 1011 687 1075 adnotatio.
709 1013 781 1074 Hoc
797 1010 945 1075 additum
961 1012 1127 1094 volumus,
1147 1013 1239 1076 miri·

166 1120 245 1186 ficos
261 1140 411 1184 rumores
429 1141 468 1181 ex
483 1118 541 1181 illo
557 1115 669 1182 codice
688 1116 851 1206 Glogaviae
866 1133 995 1205 reperto
1015 1117 1238 1204 percrebuisse

164 1248 225 1315 per
236 1223 461 1305 Germaniam,
474 1245 557 1310 quos
569 1245 659 1285 nunc
671 1223 832 1286 malumus
844 1222 973 1286 silentio
983 1224 1236 1312 praetermittere.

162 1331 322 1396 Calidiora
340 1330 427 1393 enim
454 1328 634 1417 refugimus
663 1329 797 1391 consilia
823 1351 925 1416 quum
947 1329 1016 1392 aliis
1040 1329 1074 1391 in
1092 1329 1237 1415 partibus

163 1436 405 1516 doctrinarum,
424 1450 496 1498 tum
518 1456 597 1496 vero
612 1433 748 1498 maxime
767 1433 801 1496 in
823 1433 949 1512 critica,
971 1456 1044 1521 quae
1064 1450 1101 1498 ut
1116 1458 1134 1497 a
1147 1434 1236 1514 judi·

162 1541 267 1607 cando
285 1564 406 1605 nomen
424 1541 538 1621 habet,
555 1540 599 1603 ita
617 1539 778 1628 prudente
792 1539 915 1619 judicio
934 1541 1071 1604 maxime
1087 1542 1236 1605 contine·

150 1665 226 1729 Itur.
257 1647 420 1729 Quocirca
451 1646 624 1733 pervelim,
653 1646 866 1721 Schiitzium,
899 1647 956 1732 qui
984 1644 1143 1709 diuturno
1172 1670 1237 1710 usu

163 1754 329 1818 Ciceronis
344 1752 540 1840 perpolitum
552 1774 683 1815 sensum
698 1753 854 1815 Tullianae
868 1752 1033 1816 latinitatis
1047 1752 1144 1816 habet
1155 1752 1237 1841 (quo

162 1881 238 1922 eum
260 1882 328 1941 pon
352 1880 479 1945 aequare
499 1857 628 1920 videtur
653 1854 893 1942 Heindorlius),
911 1857 983 1944 plus
1000 1857 1152 1921 tribuisse
1174 1880 1237 1921 suo

159 1965 268 2052 ipsum
287 1979 320 2027 et
336 1964 410 2026 usui
431 1979 464 2025 et
482 1962 611 2040 sensui,
627 1984 725 2048 quam
744 1962 927 2024 auctoritati
943 1963 1122 2025 lectionum
1139 1964 1237 2027 Hein-

161 2074 401 2152 dorfianarum,
429 2095 536 2159 neque
559 2072 710 2134 novitatis
734 2072 838 2157 specie
859 2071 1023 2135 interdum
1042 2073 1184 2136 allectari
1201 2097 1236 2137 se

162 2181 339 2269 inducique
356 2204 425 2243 esse
441 2202 580 2268 passum.

208 2289 291 2369 Quae
305 2308 409 2373 quum
421 2285 465 2347 ita
476 2285 556 2365 sint,
565 2306 612 2347 ne
624 2282 729 2347 cidem
741 2307 801 2347 nos
817 2284 953 2371 scopulo
964 2286 1235 2374 impingemus,

162 2395 349 2459 consultum
375 2392 545 2471 duximus,
572 2389 688 2478 pedem
712 2392 832 2455 referre
854 2391 896 2454 ad
918 2414 994 2455 eum
1022 2392 1148 2472 locum,
1176 2393 1235 2456 ubi

159 2499 187 2562 J.
205 2502 244 2564 A.
264 2499 420 2561 Ernestus
440 2496 627 2560 Tullianum
644 2512 770 2561 textum
792 2492 985 2561 constituit}
1006 2500 1061 2585 qui
1080 2500 1139 2580 vir,
1159 2508 1236 2563 vere

162 2603 410 2682 Ciceronianus,
428 2624 491 2687 qua
512 2599 676 2687 hodieque
695 2602 886 2664 auctoritate
905 2602 1040 2690 polleat,
1058 2624 1234 2682 nemone·

161 2710 238 2789 scit,
257 2708 402 2795 itemque
429 2729 526 2793 quam
545 2706 607 2769 late
632 2729 691 2795 per
710 2706 854 2769 cultioris
880 2710 1020 2796 Europae
1040 2725 1147 2794 partes
1165 2712 1234 2790 ejus

160 2814 320 2879 editiones
342 2813 519 2876 etiamnum
542 2812 758 2875 celebrentur.
783 2812 821 2874 In
845 2835 884 2877 eo
909 2813 1009 2901 igitur
1031 2814 1103 2877 loco
1125 2816 1234 2878 consi·

161 2918 314 2982 standum
324 2916 497 2980 videbatur
509 2916 616 2997 nobis,
630 2939 737 3003 neque
748 2917 843 2980 altius
856 2916 1130 2982 contendendum.
1139 2921 1236 3002 Quos

159 3025 339 3089 lectionum
357 3022 546 3110 collegimus
563 3022 706 3104 fructus,
723 3023 745 3086 ii
762 3023 883 3086 interea
900 3039 1127 3088 maturescant.
1149 3027 1233 3108 Qui·

162 3133 224 3195 bus
257 3151 323 3192 non
352 3126 507 3208 deerunt,
535 3128 591 3213 qui
621 3143 708 3190 recte
732 3143 875 3191 utantur.
897 3130 938 3192 Et
965 3131 1111 3217 proxime
1138 3132 1235 3197 faciet

162 3235 348 3304 Goerenzius
364 3232 413 3294 vir
432 3232 568 3311 doctus,
585 3254 700 3318 quem,
717 3255 782 3319 qua
798 3232 896 3321 pollet
908 3234 1054 3298 Tulliana
1074 3233 1234 3320 doctrina,

162 3357 253 3406 certo
274 3340 393 3403 scimus
414 3360 474 3400 nec
488 3337 596 3424 ipsum
613 3338 719 3401 lavere
735 3337 943 3402 calidioribus
959 3340 1110 3405 consiliis.
1129 3342 1233 3407 Nobis

161 3445 301 3510 sufficiat
316 3441 462 3532 expedita
478 3443 662 3529 prestitisse
674 3465 776 3530 qurum
792 3442 1025 3508 emendationis
1039 3461 1111 3509 tum
1131 3449 1233 3533 expli·

162 3551 298 3615 cationis
331 3548 481 3612 uberiora
511 3548 822 3636 aliquanto,‘quam
856 3547 964 3615 adhuc
1000 3552 1232 3639 suppetebant,

160 3658 317 3748 praesidia.

204 3767 254 3829 De
268 3763 403 3827 consilio
424 3778 537 3825 nostro
557 3762 630 3825 satis
647 3760 771 3826 dictum
792 3762 931 3828 videtur.
953 3765 1050 3831 Nunc
1071 3766 1112 3830 de
1130 3768 1232 3854 copiis

159 3870 334 3935 dicendum
350 3885 410 3933 est.
431 3869 580 3950 Quarum
596 3883 628 3932 ct
647 3890 823 3933 numerum
840 3889 872 3934 et
893 3888 1041 3936 naturam
1060 3873 1233 3960 explicabit

159 3966 273 4053 iudei,
290 3975 368 4039 huic
383 3972 565 4063 praelationi
585 3973 760 4054 subjectus.
780 3976 894 4063 ltaque
909 3977 942 4042 h.
959 3979 981 4043 l.
1000 3978 1081 4041 nihil
1098 4001 1231 4066 magno·

157 4106 234 4172 pere
250 4096 367 4162 restat,
383 4102 481 4167 quam
497 4079 545 4143 uti
562 4095 667 4168 grates
680 4081 862 4168 persolvam
877 4083 952 4148 viris
967 4084 1070 4148 doctis
1083 4084 1232 4175 mihique
